4252 6444
240 394 346 448 15³)

1322 397 1706 458 GllETSERl
1750 399 1843 456 ΕΤ
1885 399 2117 458 GOARI
2167 399 2404 458 ΝΟἸἏΕι

3369 397 3472 458 hii

228 507 488 572 videlicet,
523 511 898 578 quamdivinus
938 512 1134 566 Paulus
1161 515 1303 581 ponit
1332 531 1392 567 ac
1445 516 1612 570 docet.
1647 515 1799 567 (Iltri-
1838 521 1874 571 Λ
1911 525 2083 568 tamen
2109 531 2267 568 nemo
2295 516 2434 568 alius
2472 514 2569 566 lori
2603 528 2794 567 nomrn
2817 515 2914 568 hoc
2954 514 3258 580 signiﬁcatu
3316 531 3456 567 usur-

231 614 367 657 stum
399 613 557 670 caput
587 606 883 670 nominans,
916 625 1006 660 nos
1034 620 1207 661 autem
1261 610 1490 661 membra
1539 611 1723 674 ipsius.
1757 621 1804 660 et

231 707 466 759 oportere
491 713 581 749 nos
618 697 883 750 Christum
916 712 1068 764 caput
1102 711 1338 751 nostrum
1373 702 1685 754 honorantes
1722 719 1808 753 ca-

228 795 318 853 put
336 787 472 838 inter
490 790 744 840 orandum
764 792 1016 843 nudatum
1031 792 1238 846 habere.
1268 791 1373 844 Nec
1393 794 1450 844 ob
1468 794 1562 844 hac
1580 804 1803 856 tantum,

228 877 316 928 sed
358 879 479 945 quia
514 880 668 931 etiam
696 880 834 932 nudo
853 884 1038 943 capite,
1060 885 1804 952 quiconsecratur,consecra-

229 969 421 1020 tionem
452 971 661 1034 accipit,
694 981 849 1041 atque
870 975 947 1026 ita
974 975 1413 1044 quemadmodum
1451 976 1803 1028 cumordiua-

227 1065 333 1114 tur.
357 1059 595 1124 precibus
628 1070 675 1113 et
711 1064 876 1115 sacris
914 1068 1120 1128 operari
1139 1065 1303 1118 debet.
1331 1065 1394 1119 Et
1419 1068 1690 1119 hierarcha
1713 1084 1805 1132 po-

228 1149 512 1211 tissimum,
532 1152 776 1216 quoniam
797 1161 847 1205 et
870 1157 994 1204 dum
1033 1167 1388 1215 consecratur,
1413 1173 1442 1206 a
1470 1157 1573 1208 Deo
1608 1159 1802 1209 tradita

224 1239 433 1304 eloquia
462 1243 565 1292 sive
589 1257 797 1294 sacrum
821 1241 1160 1312 Evangelium
1183 1262 1343 1312 supra
1363 1257 1517 1315 caput
1555 1247 1728 1305 habet.
1749 1250 1802 1300 in

223 1329 491 1394 sacriﬁcio
510 1329 839 1384 divinissimo
869 1336 1162 1404 peragenda
1186 1337 1356 1390 relato
1380 1338 1551 1404 capite
1570 1339 1800 1404 conspici

223 1433 326 1469 non
371 1420 538 1474 debet.
579 1421 809 1487 0bjiciat
861 1424 1090 1491 fortasse
1148 1429 1411 1495 quispiam
1464 1428 1582 1480 hinc
1631 1429 1796 1498 sequi.

221 1508 637 1562 Alexandriam»:
666 1513 962 1579 episcopum
1011 1525 1060 1568 et
1095 1518 1229 1569 alios
1285 1519 1700 1585 qttamplttrimos
1736 1536 1800 1571 ea:

224 1601 381 1652 veteri
412 1602 702 1655 traditione
720 1614 853 1657 tecto
885 1608 1057 1674 capite
1086 1610 1250 1661 sacris
1278 1620 1550 1675 operantes
1579 1628 1677 1663 non
1703 1613 1799 1661 rite

222 1707 283 1744 ac
308 1702 489 1743 sancte
513 1695 702 1760 facere.
732 1695 878 1750 Istuc
906 1715 1006 1751 non
1031 1701 1165 1752 dico.
1188 1700 1328 1753 Nam
1352 1703 1432 1753 illi
1450 1705 1665 1771 antiqua
1686 1705 1797 1754 nixi

222 1780 531 1844 traditione,
560 1801 673 1851 quae
701 1787 862 1853 magis
892 1787 994 1855 legi
1024 1792 1260 1859 antiqu'v
1285 1794 1580 1859 respondet,
1610 1796 1686 1847 ita
1708 1795 1790 1862 fa-

222 1886 247 1920 c
273 1882 389 1932 aut,
426 1873 635 1940 quando
655 1886 702 1925 et
738 1877 861 1945 legis
888 1881 1130 1931 sacerdos
1154 1881 1399 1945 cidarim,
1426 1901 1581 1952 quam
1605 1899 1651 1936 et
1687 1887 1782 1937 mi-

223 1971 360 2011 tram
397 1965 678 2028 vocabant,
715 1967 766 2018 in
795 1970 962 2034 capite
987 1971 1236 2035 gerebat;
1268 1989 1368 2039 quo
1401 1975 1581 2026 eodem
1616 1975 1785 2025 uomi-

219 2067 282 2102 ne
306 2052 596 2104 Itierarclue
618 2071 703 2106 eas
731 2065 993 2122 gestantes
1011 2059 1275 2126 appellare
1300 2074 1697 2115 consueverunt.
1717 2063 1787 2115 Ac

221 2139 338 2199 ﬁeri
364 2153 529 2206 potest
561 2155 618 2194 ut
655 2159 713 2196 eo
740 2147 931 2213 capitis
959 2157 1250 2215 legumento
1282 2166 1374 2205 aut
1418 2156 1651 2223 spineam
1687 2156 1785 2209 Do—

220 2229 619 2282 minicoronant
655 2244 746 2284 aut
783 2236 1081 2302 sudarium,
1111 2243 1250 2308 quod
1287 2244 1389 2309 [uit
1439 2261 1595 2312 super
1633 2256 1790 2312 caput

216 2319 357 2386 ejus,
395 2321 449 2371 in
486 2335 706 2376 mentem
731 2328 876 2381 nobis
909 2342 1162 2384 revocent.
1206 2333 1326 2386 llaec
1359 2336 1462 2388 ille.
1527 2336 1580 2389 Si
1614 2337 1786 2390 (Ξῖ-ειιεί

219 2424 326 2461 non
369 2425 649 2478 parcerent.
681 2432 780 2469 suo
831 2419 1217 2482 Alexandrino.
1283 2427 1469 2490 procul
1500 2427 1687 2490 dubio,
1732 2439 1789 2482 ut

218 2500 325 2552 alia
354 2502 518 2556 multa
556 2506 873 2575 atii-whom,
907 2511 987 2564 sic
1038 2523 1092 2566 ct
1157 2531 1360 2569 morem
1425 2517 1588 2571 istum
1654 2531 1788 2574 [mlo

219 2590 403 2655 capite
438 2591 627 2646 litandi
679 2602 902 2665 prazcisc
955 2615 1018 2656 ac
1071 2603 1390 2671 simpliciter
1442 2610 1790 2676 repudiarunt

218 2680 687 2752 datnnarentque:
718 2690 846 2742 illud
881 2694 1023 2745 enim
1057 2695 1659 2767 scltismatisingenium
1687 2711 1787 2761 est.

220 2781 277 2824 ut
301 2784 496 2839 praeter
527 2777 574 2830 id
604 2780 746 2847 quod
782 2782 884 2834 sibi
934 2787 1143 2852 placet,
1170 2787 1255 2840 vix
1291 2789 1584 2858 quidquam
1647 2793 1792 2846 aliud

217 2864 448 2930 placeat.
521 2865 756 2924 Vocatur
812 2875 979 2927 infula
1061 2878 1305 2944 priesulis
1351 2879 1704 2933 Alexandrini
1765 2897 1793 2934 a

216 2955 581 3024 scriptoribus
615 2961 915 3031 phrygium,
946 2968 1089 3036 quod
1127 2970 1186 3023 S.
1215 2971 1420 3040 (lytillo
1471 2988 1791 3028 concessum

218 3042 340 3103 fuit.
375 3049 595 3113 quando
650 3054 702 3105 in
735 3056 967 3109 concilio
1023 3058 1290 3126 Epltesino
1335 3062 1611 3118 Ccelestini
1644 3083 1795 3135 papa:

1913 619 2018 673 pot.
2056 608 2194 660 Sunt
2226 608 2316 674 qui
2351 610 2698 676 suspicentur
2749 609 3123 662 Balsnmonem
3173 608 3479 677 respexi~se

1907 696 1971 748 ad
2006 697 2216 747 laurum
2249 713 2341 749 seu
2368 697 2630 758 lauream,
2656 697 3076 750 usitatissimum
3103 697 3230 749 olim
3261 711 3478 750 corona:

1908 802 2111 851 genus:
2149 804 2210 841 ex
2251 789 2402 842 lauro
2439 791 2582 841 enim
2623 787 2834 840 facilem
2894 804 3014 842 esse
3090 791 3378 842 transilqu
3423 787 3476 840 in

1907 879 2099 932 lorum.
2137 879 2419 949 Uteunque
2454 882 2541 945 sit,
2579 881 2646 933 de
2668 895 2914 933 sensuan
2947 880 3102 947 lapsu
3139 879 3478 934 Balsamonis

1907 975 2045 1025 satis
2102 985 2331 1028 condat.
2393 974 2524 1026 Illud
2573 974 2813 1043 ejusdem
2847 975 3006 1028 edicti
3040 976 3090 1028 in
3128 975 3314 1028 Latina
3355 993 3477 1030 ver-

1904 1065 2072 1119 sione.
2100 1068 2236 1117 sicut
2271 1077 2446 1116 noster
2481 1077 2690 1119 senatus
2736 1068 3101 1122 calceamentis
3133 1071 3302 1122 utitur
3357 1090 3477 1126 cum

1903 1153 2259 1212 udonibus,itl
2311 1165 2383 1202 est
2415 1153 2640 1204 candido
2664 1155 2966 1207 linteamine
3024 1157 3332 1224 illustratis,
3401 1163 3477 1214 sic

1904 1253 2123 1294 utantur
2155 1252 2202 1293 et
2242 1243 2437 1303 clerici,
2470 1252 2522 1295 ut
2590 1253 2736 1297 recte
2799 1246 3056 1312 arripias,
3126 1249 3238 1314 ipse
3298 1260 3478 1303 textus

1904 1331 2130 1387 Lalinns
2190 1332 2335 1394 facit,
2402 1335 2532 1387 dum
2589 1335 2718 1388 illud
2758 1352 2874 1388 cum
2930 1337 3188 1392 udonibus
3243 1342 3476 1409 explicat

1902 1441 2017 1476 cum
2058 1427 2283 1476 candido
2321 1426 2648 1490 linteamine,
2713 1437 2946 1488 retento,
3008 1429 3214 1483 deﬂuxu
3283 1442 3464 1486 tamen

1902 1516 2144 1567 nottnihtl
2175 1514 2362 1568 (ΣΙ-ητα
2407 1517 2695 1578 vocabulo,
2741 1517 2898 1584 ὀθόνη
2936 1534 3030 1571 seu
3067 1522 3290 1584 ὀθόνην,
3330 1525 3473 1591 quod

1901 1621 1977 1659 es:
2007 1607 2251 1660 linteum.
2297 1608 2495 1659 Eodem
2524 1607 2702 1660 i-dielo
2741 1619 2964 1661 vocatur
2994 1626 3195 1665 corona
3222 1614 3475 1666 sacerdo-

1902 1699 2041 1760 talis,
2075 1714 2182 1764 qua
2214 1699 2488 1767 Sylx‘ester
2547 1700 2597 1752 in
2657 1702 2834 1767 capite
2877 1702 3166 1768 insignitus
3199 1715 3334 1769 erat,
3369 1725 3475 1759 πα-

1901 1789 2177 1857 παλήθρκ.

1965 1878 2132 1932 Lubet
2186 1879 2272 1932 hic
2323 1879 2523 1932 referre
2574 1880 2716 1946 quod
2780 1881 3064 1934 adnotavit
3132 1882 3460 1940 Sirmondus

1891 1981 2076 2025 noster
2105 1971 2166 2022 ad
2196 1971 2350 2038 epist.
2372 1971 2423 2030 ’5,
2445 1971 2478 2019 1.
2509 1987 2556 2022 vt
2592 1971 2957 2038 Epistolarum
2997 1974 3204 2028 Sidonii
3233 1995 3243 2029 :
3269 1975 3474 2030 Tonsu-

1892 2079 1951 2115 ra
1982 2062 2237 2114 clericalis
2268 2064 2343 2112 ita
2377 2063 2502 2112 olim
2560 2062 2721 2128 ﬁebat
2749 2073 2803 2114 ut
2832 2065 3062 2116 circulus
3101 2071 3471 2122 tantummodo

1892 2154 2204 2217 capillorum
2239 2155 2506 2212 emineret,
2547 2153 2719 2206 instar
2750 2171 2977 2209 coronat.
3047 2156 3135 2209 Sic
3184 2160 3320 2210 enim
3368 2161 3463 2214 de-

1893 2245 2075 2299 scribit
2107 2244 2390 2312 Gregorius
2428 2245 2625 2298 anon.
2668 2245 2731 2294 de
2762 2243 2971 2298 Nicetio
3006 2246 3476 2319 Treviroruntepi-

1893 2356 2045 2404 scopo
2091 2338 2190 2392 :S.
2230 2338 2488 2401 Nicetius,
2533 2340 2717 2408 inquit,
2751 2339 2813 2391 ab
2852 2351 2968 2392 ortu
2997 2358 3089 2392 suo
3139 2343 3361 2395 clericus
3396 2354 3474 2396 est

1892 2433 2250 2499 designatus;
2303 2448 2419 2482 nam
2450 2448 2564 2482 cum
2608 2443 2765 2499 partu
2814 2432 2996 2499 fuisset
3048 2434 3267 2500 eﬂ’usus,
3324 2450 3476 2487 omne

1893 2538 2050 2596 caput
2088 2529 2222 2595 ejus,
2259 2539 2313 2580 ut
2353 2541 2422 2580 est
2452 2529 2775 2580 consuetudo
2831 2543 3136 2595 puerorum,
3206 2547 3235 2581 a
3263 2530 3472 2597 capillis

1897 2619 2092 2670 nudum
2121 2619 2326 2686 quidem
2360 2621 2690 2682 cernebatur,
2721 2619 2771 2670 in
2805 2619 3028 2670 circuitu
3045 2635 3164 2670 vero
3185 2621 3473 2671 mediorum

1897 2710 2202 2774 capillorum
2232 2710 2358 2780 ordo
2391 2710 2661 2774 apparuit,
2689 2718 2743 2760 ut
2781 2721 2999 2775 putares
3024 2710 3084 2760 ab
3113 2711 3296 2762 iisdem
3320 2727 3441 2762 coro

1897 2817 2015 2852 nam
2041 2802 2216 2852 clerici
2243 2802 2402 2860 fuisse
2422 2803 2704 2866 signatam.
2731 2799 2898 2854 Hodie
2925 2803 3062 2869 apud
3089 2819 3180 2855 nos
3204 2804 3476 2870 antiquum

1895 2907 2102 2942 corona:
2144 2893 2369 2957 formant
2401 2893 2496 2944 soli
2530 2892 2639 2958 fere
2666 2893 2904 2944 monac/ti
2939 2893 3177 2952 retinent,
3215 2902 3262 2942 et
3319 2895 3470 2958 pueri

1898 2980 2098 3032 t'ocales
2119 2983 2497 3048 symphoniam.
2524 2980 2664 3035 Nam
2696 2983 2860 3036 brevis
2895 2982 2984 3035 ille
3027 2985 3166 3035 orlris
3191 2988 3242 3035 in
3261 2984 3475 3046 vertire,

1897 3088 1997 3137 qua
2029 3072 2154 3124 cleri
2190 3091 2308 3135 pars
2344 3090 2533 3139 magna
2572 3074 2759 3134 utitur,
2823 3073 3049 3127 insolens
3121 3075 3247 3127 olim
3312 3085 3469 3143 atque

215 3134 450 3190 llotnani
482 3141 716 3196 vicarius
771 3157 909 3200 erat.
974 3151 1014 3200 Λ
1049 3149 1249 3218 Cyriiio
1304 3154 1367 3205 ad
1439 3171 1784 3209 successuros
1817 3175 1894 3230 ες

1817 3175 1857 3230 ς
1892 3166 2174 3218 ἱηηεςὶεαιηε
2209 3168 2260 3218 in
2299 3167 2539 3220 Ecclesia
2573 3167 2692 3235 fuit,
2733 3178 2786 3222 ut
2819 3169 2967 3221 docet
3021 3185 3188 3221 canon
3248 3168 3316 3222 40
3350 3185 3471 3223 con-

215 3241 438 3294 qnoque
455 3221 728 3298 phrygium
743 3249 832 3287 seu
858 3238 1010 3290 mitra
1035 3241 1206 3304 venit;
1231 3241 1616 3312 dicebaturqu
1639 3246 1794 3316 170

220 3318 332 3370 lucc
373 3322 504 3372 tiara
527 3323 823 3391 phrygium,
849 3331 988 3394 q::ol
1025 3327 1256 3399 Phrygio
1304 3347 1466 3400 opere
1494 3347 1768 3389 constaret

217 3407 443 3477 Phrygii
507 3417 708 3467 nn-utio
767 3417 824 3470 fit
870 3419 922 3470 in
982 3421 1270 3488 diplomate
1329 3423 1790 3480 Constantiniau'e

215 3503 552 3568 donationis,
586 3491 687 3559 ubi
726 3511 794 3561 ita
824 3510 1211 3568 Constantinus
1241 3533 1253 3568 :
1294 3514 1494 3567 Deinde
1521 3519 1786 3582 diadema,

215 3597 455 3648 videlicet
491 3615 734 3651 coronant
760 3604 946 3668 capitis
986 3607 1169 3665 nostri,
1194 3607 1450 3676 simulque
1491 3609 1786 3678 phrygium,

217 3704 307 3738 nec
333 3705 434 3739 non
468 3692 911 3757 superhamerale,
968 3696 1206 3751 videlicet
1252 3697 1423 3750 lorum
1452 3706 1589 3766 quod
1623 3703 1788 3767 impe-

217 3781 350 3831 riale
369 3781 698 3834 circumdare
723 3786 912 3838 assolet
936 3788 1150 3850 collum,
1184 3807 1359 3844 verum
1382 3795 1542 3844 etiam
1569 3805 1617 3846 et
1645 3795 1788 3846 chla-

218 3869 424 3937 mydem
448 3887 769 3936 purpuream
803 3892 959 3942 atque
989 3879 1219 3930 tunicam
1253 3881 1547 3933 coccineum
1575 3895 1621 3935 et
1659 3901 1773 3935 Otlt-

217 3962 306 4013 uia
334 3963 634 4021 imperialia
675 3967 1001 4030 indumenta,
1067 3980 1170 4024 etc.
1202 3971 1333 4035 Quae
1365 3973 1587 4025 totidem
1662 3989 1782 4025 Virr-

214 4052 301 4105 bis
340 4054 593 4121 leguntur
625 4073 840 4124 quoque
895 4061 1033 4126 apud
1108 4061 1340 4114 Leonem
1376 4062 1444 4116 IX
1479 4064 1782 4127 pontiﬁcem

218 4145 270 4194 in
294 4145 438 4211 epist
482 4157 668 4199 contra
731 4147 1040 4204 Michaelem
1075 4151 1417 4220 Cpolitanum
1459 4165 1510 4206 et
1546 4156 1778 4208 LeOnent

217 4233 610 4288 Achridenum.
649 4237 931 4292 Balsamon
962 4242 1014 4294 in
1069 4241 1253 4296 Graeca
1303 4247 1554 4298 versione
1621 4247 1782 4313 hujus

215 4329 376 4380 edicti
407 4329 604 4396 ubique
633 4345 722 4397 per
749 4333 921 4384 lorum
953 4332 1197 4405 intelligit
1226 4338 1438 4389 mitram
1473 4354 1566 4391 seu
1591 4340 1782 4393 tiaram

217 4419 330 4471 sive
358 4421 659 4488 phrygium,
709 4432 766 4474 ut
799 4437 850 4477 et
883 4425 934 4476 in
1001 4427 1192 4480 meleta
1245 4430 1307 4481 de
1345 4432 1780 4497 patriarcharum

1895 3257 2002 3308 cilii
2037 3257 2065 3307 4
2106 3254 2365 3308 Toletani.
2400 3256 2521 3309 ΙΙιυο
2555 3256 2667 3310 ille.

1967 3347 2212 3399 Diximus
2245 3345 2463 3401 Graecos
2532 3363 2637 3402 non
2693 3348 2970 3404 celebrare
3027 3361 3215 3420 Operto
3269 3353 3470 3422 capite,

1891 3438 2429 3505 meoptopatriarcha
2456 3438 2816 3493 .eilexaudrino
2837 3450 2887 3495 et
2914 3442 3158 3510 pauculis
3178 3443 3322 3509 aliis,
3348 3459 3471 3498 cum
3515 3461 3517 3463 ‘

1894 3528 2163 3581 Ecclesiae
2199 3529 2403 3582 Lalinzn
2435 3532 2672 3599 episcopi
2742 3532 2876 3585 tiara
2933 3551 3029 3588 seu
3078 3535 3251 3590 infula
3309 3549 3476 3605 caput

1893 3614 2017 3665 tecti
2049 3616 2384 3681 potissimznn
2424 3616 2660 3683 laturgia:
2693 3627 2898 3685 partem
2950 3636 3204 3689 peragere
3240 3623 3472 3677 soleant.

1892 3705 1992 3758 Sed
2023 3707 2148 3773 quid
2181 3707 2408 3760 Alcnino
2440 3711 2771 3763 contrarium
2814 3711 3110 3766 aitlrmanli
3171 3714 3236 3767 de
3268 3713 3472 3770 divinis

1887 3797 2080 3850 ofticiis
2109 3815 2156 3850 c.
2197 3799 2283 3858 58,
2316 3800 2815 3866 respondebimus?
2882 3801 3020 3854 Audi
3083 3805 3202 3870 elus
3264 3805 3470 3860 verba:

1895 3888 2214 3954 "ttjlhntOdi
2255 3892 2406 3942 vestis
2441 3893 2686 3958 (ridaris)
2719 3909 2820 3945 nou
2879 3893 3097 3946 habetur
3119 3895 3171 3946 in
3233 3893 3470 3949 Romana

1893 3976 2128 4029 Ecclesia
2162 3981 2236 4030 vel
2267 3981 2318 4030 in
2349 3983 2541 4033 nostris
2596 3985 2890 4050 regionibus
2919 3999 2935 4036 :
2972 4000 3076 4037 non
3111 3986 3244 4038 enim
3311 3988 3470 4039 moris

1885 4082 1960 4121 est
1992 4080 2044 4119 ut
2078 4071 2256 4135 pileuti
2280 4071 2460 4123 divina
2490 4083 2740 4141 mysteria
2767 4074 3059 4138 celebrent;
3091 4079 3228 4143 apud
3258 4077 3470 4132 Cra-cos

1885 4170 2058 4211 autem
2079 4161 2172 4211 hoc
2187 4161 2395 4220 dmitur,
2411 4165 2498 4228 qui
2515 4164 2697 4228 pileos,
2716 4164 2810 4217 Itoc
2828 4175 2901 4218 est
2915 4169 3128 4231 cup/tias
3147 4171 3467 4239 (scupltias),

1885 4264 2084 4320 gestant
2105 4255 2156 4303 in
2177 4255 2365 4315 capite,
2388 4257 2514 4304 dum
2539 4259 2792 4308 assistunt
2824 4257 3104 4312 altaribus.
3128 4261 3207 4312 An
3227 4261 3471 4316 dicemus

1887 4354 2124 4409 ωιιιιιυτιτ
2149 4345 2361 4397 Αιριιίηἰ
2391 4346 2628 4413 viguisse
2663 4347 2827 4400 alium
2861 4365 3067 4404 rnorem
3101 4368 3262 4419 quam
3292 4362 3472 4421 poste-

1889 4436 2122 4489 rimibns
2145 4438 2379 4498 smrulis,
2413 4436 2619 4493 Graecis
2653 4454 2807 4492 snam
2835 4445 3281 4496 consuetudinem
3316 4447 3469 4498 dese-

216 4511 502 4580 privilegiis
529 4523 580 4566 ιιι
612 4517 662 4566 in
698 4516 891 4568 tnelcta
929 4516 1001 4570 De
1046 4519 1210 4587 oﬁ‘icio
1265 4523 1606 4585 clrartulaiii,
1654 4540 1778 4580 cum
1813 4523 1860 4582 β
1891 4529 2134 4580 rentibus
2195 4527 2512 4594 Latinisque
2541 4544 2657 4582 eam
2692 4535 3176 4600 complectentibus
3205 4536 3228 4590 ?
3265 4536 3468 4596 (ἐπε-τε.

244 4643 1082 4667 m

1087 4651 3456 4692 ...ω-Μ

1197 4821 1347 4890 171
1396 4815 1745 4901 LIBER
1825 4815 2475 4910 SECUNDUS.

888 5100 1113 5156 C.\l'UT
1172 5103 1214 5156 l.

221 5212 295 5266 De
327 5213 666 5282 inscriptione
698 5215 852 5292 hujus
879 5221 1044 5282 partis
1074 5235 1092 5279 ;
1125 5223 1187 5272 de
1225 5222 1442 5289 despota
1483 5225 1645 5292 deque
1703 5240 1784 5277 se-

802 5287 1186 5342 bastocratore.

290 5374 421 5432 Post
452 5375 688 5431 indicem
717 5378 1030 5433 officiorum
1065 5392 1119 5435 et
1177 5382 1495 5437 ollicialium
1579 5386 1783 5454 Magna:

222 5464 499 5519 Ecclesiae
545 5468 767 5536 subjicit
813 5470 1052 5525 Codinus
1105 5475 1411 5544 catalogum
1479 5477 1782 5531 officiorum

219 5567 267 5607 et
297 5558 611 5611 oﬂ‘mialium
646 5561 783 5615 aula:
836 5563 1149 5629 Cpolitnnae,
1208 5577 1260 5619 et
1317 5568 1534 5638 quidem
1596 5570 1751 5640 longe

219 5650 609 5702 tit-curatiorem
653 5667 814 5717 quam
855 5655 924 5706 sit.
957 5656 1101 5721 prior
1126 5657 1234 5711 ilic.

286 5733 442 5791 tlnca
477 5740 882 5808 inscriptionem
915 5757 964 5799 ti.
999 5747 1210 5802 titulum
1256 5749 1416 5818 hujus
1460 5754 1624 5819 partis
1649 5771 1775 5812 mss.

1890 5115 2108 5170 codices
2135 5133 2242 5170 non
2273 5121 2604 5174 conveniunt
2635 5140 2648 5175 :
2683 5139 2806 5176 nam
2841 5123 3083 5179 Bavarici
3122 5127 3190 5180 ita
3232 5129 3454 5184 habent:

1890 5204 1969 5256 Τὰ
2001 5207 2228 5274 ὀφφίκια
2257 5208 2348 5260 τοῦ
2391 5211 2711 5266 παλλατίου.
2743 5215 2864 5266 Ἔτι
2889 5215 2946 5268 δὲ
2986 5217 3080 5269 καὶ
3138 5217 3234 5280 τὰς
3282 5221 3460 5286 τάξεις

1889 5297 1989 5357 τὰς
2019 5303 2317 5367 γενομένας
2357 5306 2411 5355 ἐν
2439 5309 2555 5367 ταῖς
2590 5308 2802 5376 ἑορταῖς
2828 5310 2906 5370 εἰς
2930 5312 2989 5361 τὸ
3019 5311 3332 5374 παλλὰτιον,
3369 5316 3462 5368 καὶ

1892 5389 2005 5449 πῶς
2026 5389 2115 5441 τὸν
2150 5390 2370 5458 βασιλέα
2399 5396 2689 5462 στέφεσθαι
2716 5398 2813 5461 δεῖ,
2845 5399 2936 5450 καὶ
2959 5400 3086 5469 περὶ
3110 5403 3462 5471 προϐλήσεως

1887 5481 2142 5534 δεσπότου
2180 5486 2270 5533 καὶ
2294 5486 2654 5554 πατριάρχου,
2692 5489 2786 5541 καὶ
2809 5489 2946 5540 ἐθῶν
2976 5493 3274 5559 γινομένων
3303 5495 3359 5544 ὲν
3385 5494 3462 5562 τῷ

1887 5571 2184 5642 παλλατίῳ.
2221 5573 2403 5642 O/ﬁcia
2435 5580 2619 5640 palatii
2650 5594 2669 5631 .'
2696 5580 2765 5630 ad
2800 5581 2909 5633 Ita'c
2957 5584 3089 5634 ritus
3121 5593 3169 5635 et
3197 5585 3323 5637 ordo
3370 5587 3462 5654 qui

1890 5680 2127 5717 servatur
2162 5667 2213 5718 in
2259 5669 2482 5734 palatio,
2515 5672 2566 5722 iu
2606 5672 2773 5738 festis.
2806 5687 2854 5726 et
2910 5676 3166 5742 quomodo
3220 5687 3458 5744 oporteat

1889 5758 2250 5824 imperatorem
2292 5763 2577 5824 te’l'ullttt‘i;
2614 5764 2677 5816 de
2712 5766 3202 5834 inaugtu'ationibas
3231 5774 3457 5838 despotic
