4252 6444
281 404 383 473 193

1366 400 1753 459 GRETSERI
1786 400 1879 460 ET
1917 400 2155 463 GOARI
2198 404 2438 468 NOTAE.

3401 419 3504 489 ιιι

261 520 378 568 tino
406 512 649 567 cernitur
716 509 985 565 Antonius
1049 508 1269 578 quidam
1320 508 1659 563 domesticus
1712 524 1834 563 cum
1868 512 1911 566 A
1945 516 2247 579 metuebat,
2305 520 2702 585 promeriterus
2758 522 2943 575 senior
3016 524 3362 585 Andronicus
3435 530 3502 584 ad

259 604 587 657 militaribus
622 602 797 671 cepiis
831 602 894 655 ad
926 600 1127 655 bellum
1162 601 1363 655 missus
1396 616 1410 653 :
1455 601 1518 651 Ἦ
1551 600 1835 668 βασίλισσα

258 697 579 747 ἀπέστειλεν
639 696 730 746 τὸν
808 694 1091 746 ’Λντώνιον
1169 695 1267 745 σὺν
1344 696 1457 756 τοῖς
1526 696 1823 763 τάγμασιν.

262 787 538 838 Antonius
596 784 738 837 idem
808 783 1100 852 πατρίκιος
1158 784 1253 837 καὶ
1310 785 1631 853 δομέστικος

260 877 467 947 σχολῶν
514 876 777 929 scribitur
830 875 883 927 in
937 875 1303 945 COpTOI'IanO.
1372 874 1524 929 Unde
1587 876 1821 944 conjicio

259 982 577 1036 suprenuuu
610 966 887 1019 exercitus
925 966 1154 1019 Romani
1180 968 1374 1021 ducem
1427 968 1573 1021 circa
1624 967 1831 1037 Copro-

262 1058 409 1129 nymi
452 1068 664 1111 etatem
724 1059 1113 1117 tlomeslirttm,
1156 1074 1218 1113 ac
1273 1059 1435 1137 paulo
1468 1069 1592 1129 post
1654 1061 1833 1129 magni

264 1154 473 1205 honore
536 1151 794 1219 adjuntto
851 1153 1250 1215 voeatum,qui
1314 1153 1466 1220 prius
1530 1152 1830 1221 στρατηγός

262 1246 465 1313 ubique
522 1245 775 1297 audiebat
841 1242 1065 1297 :latear
1125 1246 1252 1300 licet
1302 1246 1407 1298 alia
1462 1246 1661 1299 iterum
1713 1250 1831 1300 vice

258 1336 614 1390 domesticum
642 1346 858 1389 exstare
898 1338 951 1388 in
1002 1334 1311 1391 Justiniano
1341 1337 1406 1401 ll,
1448 1349 1497 1391 at
1531 1355 1637 1391 non
1671 1354 1831 1391 exer-

258 1430 423 1492 citus,
478 1430 569 1480 sed
632 1430 946 1496 στρατόρων
1002 1431 1306 1498 equisonum
1359 1432 1641 1485 celebrari.
1704 1432 1831 1497 Ejus

256 1520 428 1583 igitur
466 1523 868 1572 estexercitum
907 1522 1158 1581 educere,
1208 1529 1261 1573 et
1298 1523 1418 1573 belli
1478 1539 1566 1575 res
1603 1538 1817 1577 curare.

258 1610 564 1679 Eupropter
588 1610 813 1662 Michael
844 1610 1184 1673 Palmologus
1225 1611 1457 1665 Joannis
1490 1614 1680 1679 Angeli
1727 1612 1833 1664 ira-

259 1710 394 1755 trem
424 1702 595 1769 μέγαν
636 1702 1021 1767 γειροτονήσας
1056 1702 1399 1769 δομέστικον,
1440 1704 1628 1755 καὶτὰ
1664 1719 1829 1772 στρα-

254 1792 506 1859 τεύματα
539 1791 813 1859 παραδοὺς
842 1790 1011 1858 αὐτῷ,
1044 1795 1119 1851 εἰς
1143 1792 1306 1845 Δύσιν
1336 1796 1656 1862 ὲκπίπομφε
1688 1796 1828 1848 κατὰ

255 1882 349 1933 τοῦ
391 1882 697 1933 ἁποστάτου
722 1882 963 1949 Μιχαὴλ.
990 1883 1319 1951 Φροντιστής
1345 1885 1508 1937 etiam
1544 1895 1597 1937 et
1634 1888 1824 1955 ἐπιμε-

254 1972 422 2041 λητὴς
454 1972 516 2037 δη
528 1973 731 2037 μοσεων
750 1976 1093 2040 πραγμάτιον
1114 1973 1184 2025 ab
1206 1984 1433 2029 auctore
1458 1984 1817 2043 memoratur;

254 2064 414 2130 cujus
442 2061 660 2129 quidem
697 2076 759 2115 ac
792 2063 1074 2130 amplioris
1120 2065 1283 2116 etiam
1322 2066 1567 2117 muneris
1611 2065 1822 2120 descri-

254 2154 493 2222 ptionem
532 2154 777 2207 esbtbuit
810 2152 1249 2221 Cantncuzenus,
1295 2156 1409 2224 ipse
1462 2173 1691 2227 magnus
1721 2162 1821 2212 do-

254 2246 537 2307 mesticus,
564 2262 622 2308 ll,
656 2246 705 2301 5.
733 2244 929 2317 6mm]

327 2332 388 2385 Ρ.
422 2333 474 2387 7.
510 2334 1048 2402 Paulaypcrsebastus.
1085 2336 1262 2391 Etiam
1310 2337 1412 2393 hoc
1456 2338 1674 2408 ἀξίωμα
1725 2342 1819 2394 καὶ

251 2425 423 2491 ὖνομα
475 2435 556 2479 est
623 2426 793 2479 Alesii
865 2427 1128 2480 Comneni
1179 2429 1409 2497 ποίημα,
1471 2432 1562 2500 qui
1619 2432 1673 2485 in
1734 2434 1818 2487 his

250 2517 618 2584 excogitandis
669 2516 935 2573 fecundus
964 2528 1019 2573 et
1053 2519 1319 2575 facundus
1368 2521 1487 2575 fuit.
1547 2522 1675 2575 Vide
1708 2524 1820 2577 Ζυ-

252 2623 440 2661 naram
492 2610 545 2661 in
593 2608 781 2662 Alexio
827 2610 1127 2664 Comneno.
1182 2610 1285 2665 Sed
1339 2620 1395 2665 ut
1450 2613 1536 2669 hic
1593 2615 1815 2678 dicitur,

250 2700 355 2752 iste
402 2700 961 2769 paubypersehastus,
1017 2703 1152 2755 ultra
1201 2719 1361 2770 quem
1418 2708 1641 2759 ambitio
1689 2722 1817 2776 pro-

249 2791 398 2861 gredi
434 2807 539 2843 non
578 2806 731 2859 posse
766 2792 1068 2855 videbatur,
1100 2795 1306 2848 invenit
1340 2797 1693 2865 sequentibus
1722 2812 1821 2849 an-

251 2883 335 2933 nis
365 2896 548 2948 parem
597 2879 859 2933 Joannem
892 2883 1351 2944 Cantaruzenum.
1412 2902 1667 2955 maguum
1718 2885 1817 2938 do-

248 2974 565 3031 mesticum,
603 2979 658 3025 et
686 2971 845 3039 paulo
875 2981 992 3039 post
1023 2974 1278 3041 majorem
1334 2990 1397 3027 ac
1456 2976 1815 3043 Superiorem,

251 3078 310 3118 ut
343 3075 395 3120 et
430 3067 928 3135 protm-estiarium.
964 3069 1037 3120 Ita
1083 3083 1179 3122 ceu
1214 3070 1320 3138 pila
1348 3070 1605 3123 ludebant
1630 3071 1717 3123 isti
1764 3079 1819 3124 et

248 3161 414 3214 rebus
472 3173 523 3213 et
557 3161 873 3213 nominibus
936 3163 1095 3213 modo
1134 3163 1185 3214 in
1236 3163 1404 3216 altum
1469 3163 1623 3216 elatis
1654 3165 1815 3216 modo

1716 784 1827 836 τῶν

1929 605 2160 660 Caesaris
2190 609 2501 677 dignitatem
2536 613 2730 666 erexit.
2751 612 3039 684 Gregoras,
3070 633 3186 684 vm,
3207 619 3275 673 20
3300 638 3312 673 :
3341 621 3504 675 Ὅθεν

1932 700 1957 743 ὸ
1988 699 2216 765 γηραιὸς
2244 701 2518 767 βασιλεὺς
2546 702 2633 753 διὰ
2669 702 2785 765 δέος
2836 708 3099 771 μειζόνων
3155 710 3339 763 κακῶν
3370 713 3503 764 ἀπι-
3562 724 3565 725 ⁷

1936 787 2108 839 στειλε
2142 790 2435 859 πρισσείαν
2465 795 2596 862 προς
2620 794 2782 845 αὐτὸν
2812 796 3373 870 (πανυπερσέὁαστον)
3409 802 3504 854 καὶ

1933 877 2047 947 ἅμα
2072 883 2135 950 τῇ
2162 880 2425 951 πρεσϐείᾳ
2461 882 2556 935 καῖ
2584 886 2651 937 τὰ
2680 885 2771 937 τοῦ
2801 887 3135 956 Καισαρικοῦ
3189 888 3501 959 ἀξιώματος

1935 971 2200 1040 σύμϐολα.
2235 973 2588 1032 lllustrioreut
2627 990 2803 1031 tamen
2855 994 2881 1031 a
2918 981 3090 1048 prima
3115 961 3225 1033 'sua
3284 983 3502 1036 iuSIitu-

1934 1061 2081 1116 tione
2107 1060 2415 1115 reddiderat
2439 1064 2575 1117 idem
2604 1067 3017 1133 itnperalor,'ttt
3039 1070 3175 1136 apud
3209 1070 3498 1139 Gregoruut

1931 1154 2106 1220 ipsum
2138 1155 2376 1222 reperies
2400 1144 2531 1209 libri.
2553 1158 2909 1225 pra-cedentis
2936 1172 3068 1212 sect.
3094 1162 3183 1224 28,
3214 1170 3265 1213 el.
3292 1172 3349 1215 ut
3376 1163 3499 1236 illu-

1927 1256 2091 1299 strem
2125 1248 2274 1301 valde
2302 1248 2483 1303 laudat
2516 1250 2724 1303 Nieetas
2760 1250 2809 1302 iu
2844 1252 3152 1305 Andronico
3176 1255 3209 1306 l.
3241 1270 3280 1308 ι.
3302 1254 3500 1325 Gosn.]

2010 1335 2064 1389 P.
2105 1336 2156 1390 8.
2196 1336 2655 1393 Protorestiarius.
2689 1340 2900 1393 Primus
2930 1341 3214 1408 praefectus
3241 1346 3497 1407 vestiarii,

1933 1425 2092 1493 cujus
2127 1443 2262 1479 uxor
2295 1432 2696 1495 protovestiaria
2734 1431 3098 1493 salutabatur,
3153 1442 3324 1486 ut-est
3355 1435 3498 1500 apud

1934 1519 2145 1570 Annam
2190 1519 2544 1577 Conineuam.
2581 1521 2614 1572 l.
2650 1536 2698 1572 γι
2736 1522 2980 1573 Αιεπὶιιά.
3038 1523 3107 1573 De
3145 1527 3500 1590 protovestia-

1935 1608 2017 1661 rio
2053 1608 2249 1675 satpius
2305 1608 2524 1670 dabitur
2553 1610 2762 1661 dicendi
2804 1611 2977 1662 locus.
3015 1611 3218 1664 Gners.

2008 1697 2092 1768 [Ρ.
2126 1700 2177 1752 8.
2218 1697 2549 1751 Vestiarium
2604 1700 2768 1752 adibit
2808 1701 2899 1766 qui
2963 1701 3028 1753 de
3085 1704 3502 1768 protm-estiariu

1934 1787 2200 1841 sollicitus
2230 1796 2328 1840 est.
2379 1786 2695 1840 Vestiarium
2731 1803 3119 1857 nonnunquam
3149 1796 3361 1846 vestitus
3392 1805 3497 1855 est,

1863 1886 1900 1939 Β
1933 1890 2010 1926 res
2039 1876 2310 1935 vestiario,
2343 1886 2595 1943 quantum
2626 1881 2755 1931 sutis
2788 1891 2863 1932 est
2900 1882 3139 1943 vestium,
3198 1884 3338 1935 sicut
3390 1886 3498 1937 ral-

1930 1965 2154 2018 ciarium
2182 1978 2440 2030 quantum
2472 1970 2960 2024 calceamentorum
2993 1986 3217 2026 necesse
3264 1984 3367 2027 est.
3397 1973 3499 2027 Ve-

1927 2058 2175 2110 stiarium
2232 2058 2282 2110 iu
2322 2061 2605 2125 postremis
2663 2062 2816 2115 libris
2847 2061 3061 2116 Codicis
3101 2073 3153 2117 et
3210 2065 3259 2116 in
3300 2063 3497 2118 Notit’a

1929 2150 2139 2216 imperii
2172 2151 2355 2219 accipe
2378 2190 2391 2213 ,
2435 2152 2486 2204 in
2530 2167 2637 2217 quo
2675 2162 2851 2208 vestes
2887 2156 3151 2225 principis
3183 2158 3497 2210 conduntur

1928 2248 1979 2293 et
2015 2252 2369 2308 reponuntur.
2402 2243 2805 2310 MoscbOpulus,
2836 2247 2925 2301 lib.
2956 2250 3042 2300 cui
3078 2249 3273 2302 titulus
3303 2250 3499 2302 Συλλο-

1927 2331 1995 2397 γὴ
2043 2331 2302 2383 ’Λττικῶν
2342 2333 2618 2401 ὀνομάτων
2653 2348 2669 2363 ⁶
2722 2334 3118 2406 βεστιοπράτης
3170 2338 3194 2387 ὁ
3240 2340 3447 2408 ρἀτης
3479 2356 3492 2371 ⁸

1929 2421 2116 2489 βεστία
2148 2421 2252 2490 γὰρ
2290 2424 2437 2492 παρὰ
2477 2424 2772 2488 Ῥωμαίοις
2828 2428 2896 2477 τὰ
2932 2428 3142 2493 ἱμάτια,
3200 2427 3260 2491 ἐξ
3295 2421 3354 2480 οὗ
3405 2433 3499 2482 καὶ

1928 2511 2229 2580 βεστιάριον
2261 2514 2483 2581 κυρίως,
2517 2515 2573 2565 ὲν
2602 2508 2644 2580 ᾧ
2670 2516 2735 2566 τὰ
2792 2515 3045 2583 βασιλικά
3096 2518 3362 2586 ἐνδύματα
3394 2540 3496 2587 φυ-

1926 2607 2230 2661 λάσσονται.
2264 2609 2581 2663 Guillelmus
2612 2607 2827 2677 Tyrius,
2863 2612 2904 2661 l.
2942 2626 2979 2664 ιι
3008 2610 3082 2664 De
3140 2613 3272 2666 bello
3305 2631 3492 2669 sacro:

1928 2698 2043 2765 Quo
2104 2700 2246 2767 facto
2300 2716 2362 2753 ex
2417 2700 2777 2767 imperialibus
2840 2703 3104 2756 vestiariis
3146 2698 3323 2759 oblata
3374 2718 3496 2761 sunt

1926 2792 2179 2860 prterlicto
2214 2793 2320 2845 viro
2358 2793 2406 2843 iu
2446 2808 2577 2843 auro
2608 2793 2851 2855 vestibus,
2880 2794 3098 2847 vasiset
3149 2799 3390 2863 pretiosis
3421 2800 3497 2852 la-

1925 2884 2158 2951 pidibus.
2192 2881 2359 2936 Vides
2400 2883 2451 2934 in
2492 2885 2750 2935 vestiario
2785 2900 2888 2937 non
2922 2897 3087 2939 vestes
3116 2890 3413 2951 Inodo,sed
3447 2901 3499 2944 et

1927 2989 2145 3037 aurum,
2178 2989 2326 3037 vasa,
2368 2974 2572 3042 lapides
2605 2976 2879 3041 pretiosos
2912 2977 3124 3045 reponi,
3176 2980 3319 3034 unde
3359 2996 3493 3034 non-

1927 3067 2060 3120 nulli
2103 3066 2341 3119 vestiarii
2378 3066 2725 3132 thesaurique
2761 3083 2922 3121 unam
2964 3071 3334 3137 acceptionem
3361 3088 3493 3126 con-

1927 3157 2175 3211 tendunt.
2213 3154 2510 3210 Vestiarius
2547 3157 2729 3223 itaque
2761 3158 2850 3224 qui
2906 3158 3275 3225 hujuscemodi
3314 3170 3495 3222 curat.

246 3248 503 3305 deorsum
580 3252 805 3320 pressis.
864 3251 1214 3306 Andronicus
1286 3255 1470 3307 senior
1522 3231 1887 3322 imperatorc

1807 3231 1887 3287 ,ο
1925 3247 2147 3315 profert,
2189 3246 2453 3305 recondit,
2513 3255 2775 3298 περι-ναι.
2830 3245 2877 3299 Is
2909 3247 3210 3319 βεστιάριος
3263 3251 3486 3319 Graecis,

244 3343 509 3398 Joannem
542 3356 794 3413 nepotem
836 3360 991 3397 suum
1030 3345 1511 3413 pauhypersehasti
1558 3346 1818 3415 dignitate

246 3436 514 3488 decorans
546 3451 660 3487 eum
692 3434 843 3504 longe
870 3436 1222 3503 augustiorem
1256 3436 1423 3502 ejfecit
1455 3451 1613 3504 quant
1658 3446 1817 3488 antea

245 3524 433 3591 fuerit,
489 3525 746 3576 concessis
804 3522 1143 3587 vestimeiitis,
1182 3524 1374 3575 calceis
1419 3533 1466 3575 et
1497 3524 1613 3589 equi
1662 3539 1818 3575 orna.

246 3618 436 3669 mentis
461 3615 590 3667 lutei
619 3616 831 3677 coloris,
868 3624 1094 3667 ut'tnter
1133 3616 1527 3681 imperatorium
1570 3616 1816 3667 nobilita-

243 3720 347 3763 tem
374 3709 603 3761 maxime
632 3707 858 3759 illustris
889 3717 1045 3763 esset.
1073 3720 1130 3759 ιιι
1159 3706 1233 3757 ait
1256 3705 1523 3773 Gregoras
1550 3707 1583 3758 Ι.
1612 3722 1708 3759 vit.
1746 3704 1813 3758 Ut

242 3813 427 3855 autem
468 3816 607 3852 uxor
640 3801 880 3867 despcit-.e
906 3800 1171 3863 despana,
1208 3798 1442 3852 Cmsaris
1491 3796 1809 3860 (ἴωσι-ἱνα,

241 3890 696 3945 sebastocratoris
729 3889 1228 3941 sebastocratorissa
1261 3889 1403 3940 dicta
1453 3899 1535 3941 est
1586 3890 1728 3957 (vide
1759 3904 1809 3943 c.

241 3983 342 4036 ult.
380 3981 599 4049 Codini)
626 4020 639 4042 ,
685 3982 755 4033 ita
811 3996 946 4033 uxcir
982 3979 1468 4049 panhypersebasti
1501 3982 1800 4048 pauhyper-

238 4076 453 4125 sebasta
504 4070 715 4135 audiit;
768 4070 948 4138 qualis
1003 4068 1146 4137 apud
1182 4068 1477 4138 Gregoram
1515 4070 1551 4125 Ι.
1590 4086 1646 4123 tu
1705 4071 1808 4123 lilia

237 4162 514 4216 Theodori
565 4160 889 4219 lletoebita.
925 4160 1277 4213 matrimonio
1302 4160 1489 4229 junCta
1550 4162 1809 4230 praedicto

234 4254 261 4308 J
290 4256 435 4307 mllltl
475 4252 1001 4322 panbypersebasto.

307 4344 411 4416 [Ὀ
440 4341 1039 4409 πανυπερσέσαστος.
1075 4339 1147 4393 De
1208 4340 1364 4410 cujus
1418 4342 1682 4410 dignitate
1736 4342 1806 4395 ab

233 4439 428 4490 Alexio
488 4434 767 4488 Cunmeno
828 4433 1045 4485 inventa
1116 4443 1310 4501 praeter
1369 4432 1635 4487 Zonaratn
1693 4434 1808 4487 haec

1924 3349 1982 3392 ut
2012 3337 2237 3391 Zonarae
2274 3338 2326 3391 in
2363 3337 2618 3393 Eudocia.
2666 3336 2862 3390 Joanni
2926 3341 3262 3396 Damasceno
3298 3359 3489 3397 mona-

1921 3430 2024 3482 cho
2059 3441 2111 3482 et
2145 3430 2288 3481 aliis.
2348 3428 2607 3496 Princeps
2668 3430 2910 3481 omnium
2975 3432 3486 3501 πρωτοσεστιάριος,

1921 3520 1987 3573 tle
2014 3536 2123 3588 quo
2158 3521 2210 3573 iu
2251 3522 2531 3589 praesenti,
2563 3522 2720 3589 cujus
2762 3537 2958 3575 nomen
2983 3523 3095 3591 jam
3131 3541 3158 3577 a
3198 3526 3484 3595 Theophili

1922 3612 2257 3679 temporibus
2292 3612 2534 3679 agnitum
2568 3614 2706 3679 apud
2740 3611 3149 3681 Theophanem,
3205 3630 3234 3668 a
3280 3619 3489 3672 caeteris

1917 3703 2116 3756 deinde
2154 3703 2432 3756 historicis
2464 3718 2809 3772 usurpatum,
2844 3721 2871 3757 a
2932 3709 3142 3773 magnis
3202 3709 3337 3763 viris
3371 3725 3488 3762 ant-

1917 3793 2112 3847 bituxn.
2172 3794 2683 3863 Panbypersebasto
2722 3796 2963 3848 nondum
3034 3798 3337 3852 instituto:
3394 3802 3493 3853 do-

1914 3885 2140 3938 mestico
2168 3885 2431 3951 dignitate
2472 3886 2747 3939 secundus
2782 3885 2903 3947 fuit,
2960 3898 3189 3942 auctore
3247 3890 3491 3945 Cedrenu

1915 3978 1968 4031 in
2022 3977 2385 4029 Constantino
2442 3977 2674 4029 liotnaui
2731 3980 2884 4032 lilio:
2947 3979 3213 4034 Νικόλαον
3264 3985 3368 4052 γὰρ
3397 3986 3490 4037 τ“.ν

1913 4066 2129 4136 πρῶτον
2164 4066 2333 4119 αὐτοῦ
2366 4067 2765 4138 Θαλαμηπόλων
2784 4056 3107 4136 δομέστικον
3153 4073 3486 4140 προεϐάλετο

1911 4161 2019 4211 τῶν
2045 4158 2250 4229 σχολῶν
2285 4159 2376 4210 καὶ
2410 4162 2926 4227 παρακοιμῶμενον,
2964 4160 3278 4229 Νικηφόρον
3304 4164 3359 4216 δὲ
3395 4166 3485 4217 τὸν

1917 4251 2033 4318 μετ’
2060 4252 2267 4302 ἐκεῖνον
2303 4251 2369 4302 τὰ
2396 4251 2675 4319 δευτερεῖα
2706 4251 2939 4319 φέροντα
2968 4253 3484 4324 πρωτοῦεστιάριον.

1912 4339 1982 4393 Ut
2008 4341 2307 4395 domestico
2340 4346 2639 4409 proximus,
2671 4358 2731 4391 ac
2758 4356 2868 4391 rem
2899 4344 3215 4396 vestiariam
3245 4355 3486 4399 tractans

1912 4446 2097 4485 sacras
2130 4433 2335 4485 Christi
2372 4433 2572 4486 fascias
2638 4434 2689 4484 in
2732 4432 3105 4486 ecclesiastica
3138 4440 3486 4503 processioue

233 4531 388 4580 Anna
424 4527 572 4580 lilia:
604 4526 737 4577 Κατ’
768 4528 941 4578 ἐκεῖνο
992 4526 1049 4577 δὲ
1084 4525 1275 4595 καιροῦ
1320 4527 1606 4595 τετίμηται
1657 4530 1751 4581 καὶ
1781 4529 1806 4578 ὁ
1839 4548 1883 4601 ι)

1804 4556 1806 4571 .
1839 4548 1883 4601 ι)
1914 4531 2127 4589 gestare
2151 4524 2404 4574 manibus
2447 4523 2611 4575 audet
2646 4525 2784 4587 apud
2810 4521 3114 4575 Cedrenum
3145 4524 3192 4576 iu
3224 4524 3483 4589 Michaele

231 4618 580 4688 Ταρωνείτης
628 4622 721 4669 καὶ
777 4616 1023 4686 γαμϐρὸς
1055 4617 1138 4667 ἐπ’
1186 4618 1382 4686 ἀδελφῇ
1420 4618 1510 4668 τοῦ
1548 4619 1808 4688 βασιλέως

231 4709 679 4778 πρωτοσέὸαστός
719 4724 776 4759 τε
839 4712 929 4759 καὶ
974 4708 1489 4779 πρωτοὸεστιάριος.
1538 4709 1674 4761 Μετ’
1704 4738 1715 4749 ς
1741 4709 1802 4759 οὐ

230 4805 368 4857 πολὺ
411 4802 469 4854 δι
510 4802 604 4853 καὶ
651 4800 1163 4870 παωπερσέϐαστος
1217 4802 1379 4869 178
1414 4802 1804 4854 -ἀναδείκνυται

231 4895 326 4945 καὶ
350 4891 645 4961 σύντροφος
676 4893 769 4941 τοῦ
796 4890 1067 4957 Καίσαρος
1102 4890 1329 4957 γίνεται.
1357 4889 1573 4943 Τούτων
1600 4891 1656 4943 δὲ
1697 4889 1804 4943 τῶν

231 4983 561 5052 ἀξιωμάτων
583 4983 683 5050 τὴν
709 4980 1057 5048 καινοτομίαν
1091 4983 1117 5033 6
1148 4982 1274 5050 ἐμὸς
1304 4984 1485 5050 πατὴρ
1514 4982 1806 5051 προσεξεύ-

234 5092 365 5143 ρατο
397 5073 628 5138 ξυνθεὶς,
668 5074 772 5133 τοῖς
802 5072 857 5124 δὲ
890 5074 981 5123 xci.
1015 5073 1511 5142 παραχρησάμενος
1536 5089 1551 5103 ⁸
1586 5074 1645 5126 τὸ
1705 5074 1803 5142 μὲν

230 5168 339 5234 γὰρ
368 5163 880 5231 πανυπερσέὸαστος
910 5164 1003 5214 καὶ
1030 5163 1505 5235 σεδαστοκράτωρ,
1543 5167 1635 5217 καὶ
1701 5166 1800 5217 ὅσα

230 5255 492 5317 τοιαῦτα,
526 5254 923 5305 συντιθεικέναι
967 5258 1460 5325 παραχρησάμενος
1514 5257 1797 5324 φαίνεται·

232 5343 487 5396 σεδαστοὶ
518 5343 627 5411 γὰρ
649 5344 697 5394 οί
730 5341 967 5410 βασιλεῖς
1012 5344 1279 5395 ἀνέκαθεν
1344 5344 1535 5405 κοινῶς
1576 5344 1798 5411 ὠνομά-

231 5439 406 5498 ζοντο,
443 5436 533 5486 καὶ
572 5429 638 5502 ἦν
671 5433 977 5497 ἰδιαζόντως
1008 5438 1084 5497 εἰς
1115 5435 1340 5504 βασιλέα
1387 5436 1678 5504 λεγόμενον
1738 5437 1798 5487 τὸ

228 5523 607 5579 τοῦσσεϐαστοῦ
628 5524 796 5592 ὄνομα
822 5541 838 5555 ο
871 5525 1029 5585 αὐτὸς
1051 5526 1107 5577 δὲ
1138 5529 1215 5587 είς
1240 5528 1299 5579 τὸ
1325 5528 1630 5597 κοινότερον
1666 5528 1797 5593 πρό-

228 5634 383 5685 τερον
409 5616 712 5683 κατήνεγκε
736 5615 833 5683 τὴν
858 5615 1115 5683 τοιαύτην
1142 5618 1317 5678 ἀξίαν.
1350 5617 1473 5669 Erat
1497 5618 1665 5678 enim,
1691 5636 1794 5671 non

228 5708 447 5763 Gaure
484 5708 666 5769 modo,
707 5707 800 5761 sed
833 5716 886 5760 et
914 5708 1233 5770 domestico,
1265 5711 1796 5777 panbypersebastus

231 5797 515 5864 humilior,
548 5798 690 5853 unde
744 5808 798 5851 ct
837 5798 1417 5867 panhypersebmtum,
1458 5816 1485 5853 a
1522 5817 1629 5869 quo
1688 5802 1790 5855 sibi

1848 4621 1862 4634 '
1916 4611 2283 4680 Paphlagone.
2345 4611 2419 4663 Illi
2474 4613 2539 4664 ad
2604 4612 2921 4665 cubiruluut
2979 4612 3331 4680 imperatoris
3387 4636 3484 4673 nec

1915 4718 2021 4754 non
2057 4704 2106 4755 in
2150 4703 2268 4770 ipso
2303 4717 2459 4755 sacro
2494 4702 2747 4756 cubiculo
2783 4705 3026 4756 dormire
3073 4704 3153 4758 fas
3205 4718 3340 4759 erat.
3377 4707 3484 4761 Leo

1912 4793 2316 4847 Grammaticus
2350 4794 2402 4845 in
2438 4793 2699 4847 Michaele
2722 4792 3006 4861 Theophili
3045 4795 3156 4850 lilio
3184 4814 3197 4850 :
3234 4798 3484 4851 'Evoﬂsv

1908 4886 1963 4938 δὲ
1989 4886 2079 4938 τοῦ
2112 4888 2367 4947 κοιτῶνος
2402 4881 2470 4956 ἦν
2520 4886 2930 4947 Βασιλισκιανὸς
2983 4889 3049 4955 τῇ
3090 4887 3339 4956 βουλήσει
3390 4893 3482 4943 τοῦ

1910 4978 2177 5045 βασιλέως
2202 4976 2453 5039 ὑπνώσας
2484 4978 2541 5027 ὲν
2572 4979 2636 5045 τῇ
2688 4978 2844 5046 κλίνῃ
2874 4976 2965 5027 τοῦ
3008 4978 3317 5032 Ῥεντακίου
3347 4982 3482 5050 πρὸς

1908 5070 2153 5138 φυλακὴν
2185 5068 2370 5122 αὑτοῦ.
2407 5066 2531 5120 Erat
2564 5066 2859 5121 Reulacius
2886 5069 2974 5121 ille
3004 5074 3479 5135 protovestiarius.

1906 5168 2059 5232 prius
2092 5163 2275 5230 aliquo
2306 5169 2551 5229 tempore
2594 5176 2619 5210 a
2658 5160 2923 5214 Michaele
2952 5162 3019 5217 ad
3056 5164 3385 5216 mouendum
3421 5169 3482 5219 de

1906 5255 2107 5308 Basilio
2166 5252 2481 5305 coronando
2514 5252 2885 5317 patriarcham
2923 5255 3144 5317 missus,
3199 5266 3251 5307 et
3303 5267 3483 5311 vestes

1903 5343 2215 5411 reglumque
2246 5354 2562 5409 apparatum
2591 5358 2807 5395 omnem
2841 5344 3171 5411 prolaturus.
3207 5344 3357 5399 ϐοΑιι
3390 5345 3410 5419 ]

1972 5434 2031 5489 P.
2056 5434 2111 5490 9.
2146 5434 2199 5487 Ὀ
2219 5432 2406 5503 μέγας
2442 5434 2611 5499 δούξ.
2636 5436 2832 5490 Notum
2857 5446 2939 5489 est
2963 5437 3101 5491 unde
3125 5436 3295 5492 Graeci
3326 5439 3480 5495 ducis

1900 5543 2099 5582 nomen
2130 5528 2461 5595 acceperint.
2495 5527 2625 5580 Inde
2678 5528 2931 5580 δούκαινα
2969 5528 3127 5582 ducis
3175 5546 3335 5588 uxor.
3372 5530 3469 5583 Ni-

1900 5631 2031 5673 cetze
2095 5620 2147 5671 in
2215 5619 2411 5671 Alexio
2473 5619 2821 5672 Comuenol.
2857 5620 3143 5683 ι,δουκᾶ;.
3201 5622 3475 5684 δουκάδος,

1897 5705 2129 5766 δουκόὦι,
2162 5706 2413 5758 δουκάδα.
2443 5707 2693 5775 Synodus
2730 5707 3043 5761 Florentina
3076 5728 3088 5760 :
3142 5710 3248 5761 Καὶ
3297 5712 3345 5769 οἱ
3379 5726 3473 5775 με-

1897 5796 2324 5865 γάλοιαὺοέντες
2353 5799 2443 5851 καὶ
2490 5799 2721 5869 ρηγὰδες
2779 5801 2868 5849 καὶ
2915 5800 3189 5863 δουκέδες.
3224 5797 3479 5868 Legimus
