4252 6444
233 401 337 463 233

1309 407 1692 468 GRETSERI
1730 410 1821 467 ET
1854 409 2088 471 GOARI
2137 414 2373 475 NOTdﬁ.

3343 415 3449 477 234

234 516 372 583 μετὰ
432 515 591 566 λίθων
649 516 938 586 λαμπρῶν.
979 517 1114 571 llinc
1147 520 1187 573 si
1228 521 1318 573 τοῦ
1354 523 1444 573 ἐπὶ
1480 523 1787 574 κανικλείου
1821 523 1868 575 Α
1898 521 1909 573 i

1767 541 1787 573 υ
1821 523 1868 575 Α
1898 521 2083 577 iisdcm
2104 526 2453 581 librariorum
2481 527 2677 579 \itioct
2706 525 2959 579 uninitale
2981 540 3172 577 vocum
3196 528 3446 581 mendum

228 608 507 673 ζιφφίκιον,
541 621 597 661 ιιι
632 609 795 661 habet
834 610 1053 664 Nicetas
1085 613 1136 664 iu
1169 613 1380 675 Alexio,
1409 629 1491 675 ιιι,
1526 615 1579 676 5,
1614 629 1789 667 came-

230 700 357 750 rarii
391 714 514 752 cum
571 700 852 755 Gunthero
904 703 982 755 vel
1013 704 1318 757 cancellarii
1362 719 1485 757 cum
1521 704 1789 759 Radevico

230 791 510 857 proprium
539 791 730 844 debeat
753 806 1021 855 asserere,
1044 810 1231 861 aequus
1256 796 1424 847 lector
1443 796 1785 863 iudicaverit.

232 882 363 935 Illud
391 882 537 935 circa
568 880 768 936 Leonis
788 884 1023 939 Armenii
1050 896 1289 953 tempora
1323 887 1787 953 primoinventmn

230 977 310 1028 vel
354 976 602 1027 auditum
648 991 709 1029 ex
736 976 1067 1044 Theophane
1097 988 1148 1032 et
1177 978 1418 1033 Cedreno
1447 981 1497 1033 in
1525 982 1639 1049 ejus
1672 982 1787 1034 Vita

227 1068 488 1133 conjieio.
524 1066 719 1121 Munus
774 1070 936 1120 etiam
990 1070 1235 1135 ejusdem
1279 1070 1787 1139 l'uitimpcratorum

229 1157 722 1226 subscriptionibus
753 1160 1021 1212 attestari.
1059 1157 1147 1213 Sic
1177 1176 1298 1214 cmn
1327 1161 1790 1225 subscripsissmtt

227 1250 433 1296 octava:
458 1243 647 1313 synodi
675 1244 871 1298 actioni
898 1244 1123 1299 decimae
1158 1248 1512 1315 imperatores
1533 1247 1787 1315 Basilius,

226 1333 616 1389 Constantinus
640 1345 694 1389 et
727 1336 857 1399 Leo,
879 1340 1116 1392 exaratis
1149 1340 1404 1391 nimirum
1435 1349 1559 1395 ante
1592 1341 1787 1409 scripta

228 1429 448 1481 nomina
484 1430 761 1494 crucibus,
796 1432 857 1482 τὸ
883 1432 981 1498 τῆς
1002 1433 1222 1502 γραφῆς
1261 1434 1553 1487 ὑπόλοιπον
1581 1436 1788 1503 γέγρα-

226 1539 292 1586 φε.
317 1521 691 1590 Χριστοφὸρος
742 1526 1220 1594 πρωτασηκρήτης
1283 1528 1377 1578 καὶ
1403 1528 1494 1579 ἐπὶ
1515 1527 1610 1579 τοῦ
1641 1545 1791 1582 κανι-

224 1612 430 1665 adsiet).
463 1611 574 1665 Hoc
605 1622 688 1666 est
739 1614 1032 1681 unicuique
1079 1616 1283 1668 nomini
1322 1617 1526 1683 scripto
1552 1618 1664 1686 ipse
1690 1634 1786 1672 sua

224 1720 389 1758 manu
442 1704 712 1772 atljunxit.
758 1707 817 1757 ὲν
853 1707 1082 1775 Χριστῷ
1132 1707 1249 1777 Θεῷ
1288 1709 1476 1771 πιστὸς
1512 1711 1785 1777 βασιλεύς.

1894 614 2175 682 irrepsisse
2202 618 2548 684 conjicimus.
2582 618 2773 688 Cosa]

1963 706 2141 761 Ρ.15.
2181 706 2402 775 Magnus
2445 708 2678 775 bajnlus.
2737 710 3063 780 Ptedngogns
3104 711 3185 764 vel
3218 711 3457 779 impera-

1893 800 2046 859 toris,
2079 813 2200 850 cum
2246 797 2434 865 junior
2474 810 2640 861 esset,
2682 800 2765 852 vel
2815 800 3046 853 ﬁliorum
3081 801 3450 870 imperatoris.

1892 886 2312 956 Moschopulus:
2354 890 2699 957 Παιδαγωγὸς
2727 895 2819 943 καὶ
2850 892 3218 962 παιδοτρίϐης,
3244 896 3269 946 6
3298 894 3451 962 λεγό-

1894 996 2053 1045 μενος
2098 980 2359 1047 βαῖουλος.
2427 984 2747 1037 Cetlrenus:
2803 984 3080 1045 Θειὸόσιος
3124 986 3150 1035 6
3199 985 3454 1051 βασιλεὺς

1902 1070 2173 1139 Ἀντίοχον
2206 1076 2561 1140 πραιπόσιτον
2600 1076 2689 1127 καὶ
2725 1077 3032 1144 πατρίκιον,
3065 1077 3155 1127 τὸν
3203 1076 3453 1143 βαῗου).ον

1890 1161 2054 1214 αὑτοῦ
2081 1167 2269 1216 παπᾶν
2298 1168 2541 1235 ἐποίησε.
2580 1169 2751 1221 Etiam
2781 1169 2950 1222 Latini
2994 1172 3093 1224 hoc
3128 1169 3445 1223 vocabulum

1891 1249 1994 1304 hac
2036 1253 2257 1305 notione
2284 1264 2637 1322 usurparunt.
2677 1254 2861 1322 Lupus
2893 1255 3254 1310 Ferrariensis
3280 1256 3446 1323 epist.

1889 1342 1955 1396 51
1995 1360 2007 1393 :
2045 1341 2164 1394 Non
2197 1360 2318 1412 ergo
2349 1346 2693 1399 admittentur
2723 1365 2751 1399 a
2787 1348 2927 1401 vobis
2980 1349 3285 1411 monitores,
3318 1365 3448 1416 quos

1890 1432 2098 1500 bajulos
2130 1435 2311 1504 vulgus
2376 1437 2626 1505 appellat,
2665 1456 2725 1492 ne
2768 1441 2995 1508 gloriam
3044 1451 3275 1494 vestram
3314 1442 3452 1492 inter

1889 1541 1943 1577 se
1974 1527 2073 1593 ipsi
2106 1530 2434 1593 partiuntur.
2485 1520 2835 1595 Hincmarus,
2871 1534 3036 1600 epist.
3074 1536 3129 1595 2,
3185 1534 3249 1587 ad
3279 1533 3451 1587 Carn-

1891 1618 1998 1669 lum
2035 1619 2292 1673 Crassum
2340 1620 2475 1689 imp.
2505 1638 2554 1676 c.
2588 1623 2663 1677 Ξῖ
2701 1622 2827 1676 Istis
2856 1625 3161 1691 juvenibus,
3205 1628 3449 1694 ﬁdelibus

1889 1710 2017 1775 ﬁliis
2050 1712 2253 1772 vestris,
2311 1713 2519 1780 regibus
2553 1718 2770 1779 nostris,
2803 1729 3045 1771 maturos
3077 1736 3138 1771 ac
3173 1720 3452 1786 prudentes

223 1796 385 1849 Addit
440 1796 555 1851 haec
613 1796 962 1868 Bullengerus
1009 1800 1252 1855 auctoris
1307 1802 1471 1856 tacito
1528 1804 1780 1856 nomine:
1819 1817 1861 1874 Β
1889 1809 2046 1869 atque
2077 1801 2274 1854 sobrios
2303 1804 2507 1871 baiulos
2536 1807 2758 1876 singulis
2820 1810 3144 1874 constituite.
3169 1811 3327 1880 211
3365 1814 3455 1879 qui

220 1886 483 1953 Μανουὴλ
535 1883 647 1955 εἶχε
682 1890 741 1941 τδ
772 1888 1001 1956 σύνηθες
1029 1890 1361 1959 κανίκλωμα
1392 1893 1482 1944 καὶ
1513 1892 1605 1944 τοῦ
1632 1892 1781 1961 βασι-

220 1978 358 2039 λέως
383 1979 714 2048 ὑπογραφὴν
765 1978 987 2048 ταύτην,
1028 1982 1290 2053 Μανουὴλ
1326 1987 1383 2035 ἐν
1413 1986 1636 2054 Χριστῷ
1664 1986 1781 2055 Θεῷ

221 2068 414 2129 πιπτὸς
440 2068 715 2136 βασιλεὺς,
736 2071 827 2123 καὶ
859 2072 1100 2125 κάτωθεν
1127 2076 1535 2145 ἀπῃωρημένην
1558 2076 1783 2143 βοῦλὶαν

218 2158 430 2226 χρυσῆν
490 2160 577 2210 διὰ
615 2161 853 2229 μετάξης
908 2163 1107 2228 ὀξείας,
1142 2167 1233 2217 καί
1270 2165 1466 2230 ἔξωθεν
1496 2167 1553 2217 τὸ
1582 2167 1666 2219 διὰ
1689 2167 1782 2218 τοῦ

217 2251 310 2300 ἐπὶ
342 2251 653 2304 κανικλείου
713 2255 807 2305 καὶ
840 2254 1172 2309 δικαιοδότου
1201 2256 1499 2325 Θεοδώρου.
1538 2258 1690 2323 Quod
1731 2260 1780 2312 in

221 2340 697 2398 Christianissima
753 2347 902 2401 curia
952 2359 1328 2417 exsequuntur
1361 2350 1658 2414 secretarii,
1694 2349 1780 2402 ubi

217 2432 483 2502 principis
502 2435 897 2507 subscriptione
926 2438 1154 2494 inferius
1170 2442 1249 2494 vel
1270 2458 1295 2494 a
1326 2452 1475 2511 tergo
1504 2443 1780 2510 proprium

218 2537 419 2577 nomen
464 2538 762 2594 apponunt.
821 2528 893 2581 Ex
939 2530 1020 2584 his
1073 2533 1139 2585 de
1195 2534 1427 2585 canicleo
1460 2547 1509 2587 et
1535 2536 1779 2589 cuniculo

217 2614 465 2669 collectis
491 2631 517 2669 a
552 2617 804 2675 Grelsero
831 2622 1068 2691 cupiosis
1105 2626 1434 2678 testimoniis
1475 2626 1779 2681 desiderata

219 2707 309 2759 lux
348 2709 602 2764 accessit.

290 2838 353 2894 Ῐ’.
393 2841 477 2894 12.
513 2842 973 2915 [Συμπένθερος.
1012 2849 1107 2913 Qui
1149 2849 1313 2903 li?.um
1344 2853 1425 2904 vel
1460 2854 1620 2905 tiliam
1654 2854 1782 2907 alte-

219 2932 335 2983 rius
375 2932 486 2985 ﬁlio
516 2935 598 2987 vel
628 2934 747 2989 ﬁliae
776 2936 827 2990 in
857 2940 1257 2993 matrimonium
1294 2940 1455 3003 locat,
1486 2944 1542 2995 lit
1566 2943 1613 2997 ei
1645 2961 1780 3012 συμ-

214 3022 509 3090 πένθερος.
568 3024 838 3083 Innumeri
890 3046 1022 3085 vero
1078 3037 1442 3089 aconsoceris
1471 3035 1775 3103 huiusmodi

212 3113 459 3167 distincti
495 3116 805 3185 dignitatem
838 3123 1063 3177 canlclei
1098 3123 1465 3179 obtinuerunt.

287 3244 408 3295 Ibid
462 3244 1148 3322 [‘Ozouysroc.Corrupla
1191 3256 1352 3309 lectio
1394 3259 1706 3327 corrigitur,
1737 3262 1780 3313 si

212 3336 426 3400 legatur
453 3340 479 3389 6
508 3338 776 3407 Χοῦμνος.
842 3341 961 3399 Ista:
1011 3360 1139 3399 vero
1194 3347 1587 3404 emendationis
1624 3351 1781 3404 iusti-

212 3425 430 3477 t-enda:
492 3435 620 3480 sunt
681 3431 941 3486 rationes.
995 3434 1196 3495 Prima,
1243 3438 1383 3503 quod
1421 3438 1677 3495 inuisitata
1708 3443 1780 3496 sit

208 3512 401 3568 Greca
460 3516 675 3582 phrasis
704 3520 769 3578 ad
804 3522 1009 3591 adepta:
1056 3525 1332 3593 dignitatis
1396 3530 1653 3584 indicium
1686 3535 1779 3584 ἐπὶ

208 3605 305 3655 τοῦ
345 3607 659 3660 κανικλείου
689 3612 953 3678 ὀχεῖσθαι.
982 3613 1229 3669 Secunda
1267 3620 1430 3687 quod,
1460 3636 1579 3673 cum
1613 3622 1778 3674 inter-

210 3702 335 3761 pr‘cs
366 3696 663 3752 reddiderit
690 3702 777 3754 hic
803 3706 870 3755 ad
902 3706 1212 3775 dignitatem
1239 3711 1401 3770 eve/ti,
1429 3711 1477 3763 in
1502 3728 1777 3766 commcn-

208 3788 367 3841 tariis
389 3788 593 3856 absque
653 3802 873 3848 auctore
931 3800 1181 3864 exposuit
1211 3802 1530 3863 canit-leum.
1567 3816 1621 3857 ut
1650 3823 1775 3874 equo

206 3879 500 3944 veheretur,
545 3880 596 3934 in
643 3883 841 3948 palatio
903 3885 994 3953 jus
1059 3889 1335 3946 habuisse.
1398 3893 1598 3955 Tertia,
1654 3912 1773 3949 cum

209 3969 464 4031 praesenti
500 3970 603 4024 hoc
644 3972 820 4038 capite
853 3984 1069 4028 constet
1128 3990 1402 4034 auctorem
1460 3984 1620 4050 paulo
1657 3995 1775 4052 post

206 4058 579 4113 Andronicum
647 4063 937 4127 seniorem,
972 4067 1037 4120 de
1087 4084 1195 4135 quo
1230 4073 1467 4139 scripsit,
1504 4072 1770 4135 ﬂoruisse.

206 4165 314 4201 non
340 4149 699 4220 incongruum
720 4162 801 4206 est
828 4170 949 4208 eum
972 4157 1040 4210 de
1064 4169 1339 4214 comtanco
1362 4162 1465 4216 sibi
1503 4166 1767 4230 canicleo,

202 4240 298 4307 qui
334 4254 600 4295 consocer
638 4242 988 4310 imperatoris
1046 4247 1233 4313 fuerit,
1265 4252 1524 4308 habuisse
1556 4271 1765 4309 sermo-

203 4344 365 4382 nem:
407 4330 458 4384 is
503 4343 683 4386 autem
732 4333 830 4388 fuit
860 4336 1174 4407 Νικηφόρος
1211 4344 1237 4394 6
1276 4344 1545 4412 Χοῦμνος,
1604 4364 1761 4415 quem

201 4416 478 4487 Gregoras
529 4421 581 4475 in
627 4424 939 4480 Andronico
991 4428 1025 4481 Ι.
1084 4446 1175 4492 ru,
1234 4448 1282 4499 p.
1328 4433 1427 4488 168
1469 4446 1573 4488 vet.
1607 4438 1759 4495 edit..

199 4509 520 4578 Νικηφόρον
578 4513 668 4565 τὸν
729 4516 821 4566 ἐπὶ
875 4517 968 4568 τοῦ
1031 4522 1371 4574 κανικλείου’
1405 4526 1667 4589 nominat,
1698 4528 1761 4580 de

198 4608 314 4659 quo
373 4594 803 4663 Cantaeuzenus,
840 4618 874 4662 ι.
936 4605 1026 4657 H:
1076 4607 1130 4657 Ὀ
1170 4609 1262 4659 ἐπὶ
1302 4610 1393 4661 τοῦ
1459 4616 1764 4666 κανικλείου

199 4682 519 4754 Νικηφόρος
552 4686 579 4737 6
622 4688 866 4757 Χοῦμνος
900 4694 1061 4758 σοφὸς
1086 4695 1222 4762 ἀνὴρ
1264 4699 1355 4748 καὶ
1389 4699 1687 4763 ὓαυμάσιος
1708 4706 1763 4753 ἐν

198 4773 487 4841 φρονήσει,
553 4777 752 4846 πολλῆς
780 4796 835 4831 τε
869 4782 1162 4834 ἀπολαύων
1214 4788 1346 4854 πρὸς
1382 4788 1645 4856 βασιλέως
1674 4794 1759 4843 εὐ-

194 4863 349 4921 νοίας
381 4879 440 4914 τε
472 4865 565 4916 καὶ
617 4872 799 4936 τιμῆς,
831 4871 893 4921 δι’
935 4871 1000 4937 ἣν
1030 4876 1123 4925 καὶ
1155 4876 1249 4942 τὴν)
1277 4879 1438 4932 αὑτοῦ
1484 4880 1758 4952 Θυγατέρα

194 4954 439 5022 Εἰρήνην
458 4956 533 5025 τῷ
568 4958 665 5025 υἱῷ
690 4960 1108 5037 αὑτοῦδεσπὸτῃ
1149 4967 1369 5041 Ἰωάννῃ
1405 4972 1539 5039 πρὸς
1578 4976 1755 5042 γάμου

195 5048 489 5098 κοινωνίαν
522 5049 724 5117 ἤγαγεν
748 5051 775 5101 6
812 5051 1085 5118 βασιλεὺς.
1122 5056 1186 5108 Et
1214 5060 1459 5125 quamvis
1486 5062 1754 5115 Pontanus

195 5138 474 5206 interpres
510 5141 636 5192 olim
674 5142 866 5209 legerit
896 5144 1188 5213 ὀχούμενος
1223 5164 1282 5198 ac
1313 5151 1608 5205 reddiderit
1640 5158 1750 5207 ιιεΙιί

192 5230 427 5292 solebat,
485 5233 690 5284 nullum
724 5244 903 5287 tamen
971 5235 1090 5303 ejus
1119 5239 1379 5291 sententia
1400 5245 1752 5311 consequitur

190 5336 444 5382 sensum,
481 5321 807 5388 Nicep/iorus
839 5328 925 5395 qui
952 5329 1181 5381 canicleo
1203 5344 1423 5397 pra'erat
1452 5343 1497 5385 et
1531 5336 1639 5386 vehi
1670 5353 1752 5387 so-

186 5413 355 5467 lebat.
396 5413 525 5468 Eam
550 5420 617 5469 oh
634 5432 743 5469 rem
776 5434 949 5471 novus
974 5422 1290 5476 schnliastes
1328 5426 1577 5495 ascripsit
1609 5444 1745 5482 tuar-

186 5506 347 5576 gini:
400 5510 665 5576 interpres
718 5511 843 5581 legit
891 5516 1205 5583 ὀχούμενος.
1265 5520 1446 5581 male;
1520 5538 1639 5574 nam
1670 5534 1749 5578 est

184 5604 212 5652 6
243 5601 521 5668 Χοῦμνος.
563 5602 785 5667 Ultima,
815 5621 934 5673 qua:
968 5608 1115 5661 litem
1159 5624 1371 5663 omnem
1419 5614 1648 5677 dirimit,
1679 5632 1741 5669 cx

188 5694 375 5750 Regiis
426 5694 825 5757 exemplaribus
875 5698 1097 5763 petitur.
1126 5701 1176 5752 in
1214 5703 1408 5769 quibus
1448 5720 1551 5757 non
1590 5707 1739 5775 ὀχοὶ-

186 5800 223 5848 μ
262 5801 365 5843 νος,
423 5785 513 5835 Sml
555 5788 580 5836 6
626 5785 870 5853 Χοῦμνος
918 5790 1200 5843 manifeste
1271 5795 1496 5860 legitur;
1553 5811 1602 5851 et
1665 5815 1728 5853 ex

534 5878 787 5936 ιἈτιιιη..
840 5879 953 5937 (in.
1002 5882 1229 5940 CLVII.

1893 1892 2095 1942 oderint
2144 1896 2422 1948 avaritiam
2470 1908 2517 1949 et
2549 1915 2634 1950 eos
2667 1900 2816 1951 verbo
2839 1910 2886 1952 et
2926 1901 3159 1965 exemplo
3188 1903 3451 1968 iustitiam

1892 1983 2105 2049 diligere
2147 1987 2388 2050 doceant,
2450 1991 2731 2041 secundum
2779 1990 3106 2059 Scripturam
3157 1999 3450 2048 dicentem:

1895 2076 2100 2145 Diligire
2155 2080 2448 2144 justitiam,
2529 2084 2621 2149 qui
2667 2084 2931 2149 judicatis
2981 2098 3199 2141 terram.
3247 2087 3445 2141 Eadem

1892 2169 2049 2231 epist.
2084 2183 2132 2220 c.
2168 2169 2198 2220 b'
2231 2186 2243 2221 :
2284 2168 2395 2237 Ipsi
2431 2183 2602 2226 autent
2644 2175 2813 2243 bajuli
2841 2195 3151 2246 magnopere
3174 2183 3446 2244 providere

1891 2268 2069 2318 debent
2100 2284 2161 2320 ne
2196 2286 2348 2331 super
2380 2272 2547 2323 socios
2577 2288 2696 2325 suos
2720 2290 2772 2325 se
2802 2275 3078 2340 extollant,
3113 2278 3203 2329 sed
3234 2275 3440 2347 [agant]

1893 2354 2040 2412 inata
2073 2353 2403 2425 Scripturam
2449 2360 2703 2415 dicentem
2737 2377 2755 2414 .’
2794 2363 3040 2428 tQuanto
3095 2381 3315 2433 magnus
3368 2384 3441 2432 es,

1892 2446 2109 2498 humilia
2158 2456 2206 2500 te
2236 2450 2283 2500 in
2320 2453 2579 2514 omnibus,
2616 2464 2663 2505 et
2718 2470 2893 2506 corant
2927 2455 3029 2508 Deo
3081 2455 3304 2509 invenies
3324 2474 3449 2526 gra-

1891 2536 2034 2587 tiam.
2056 2555 2071 2584 ι
2095 2536 2239 2590 Idem
2271 2540 2431 2606 epist.
2451 2540 2503 2602 5,
2525 2541 2602 2593 c.i
2636 2560 2647 2593 :
2670 2541 2909 2611 Legimus
2940 2548 3196 2613 quomodo
3218 2548 3448 2602 Alexan-

1890 2626 1981 2675 der
2001 2626 2051 2676 in
2082 2628 2303 2691 pueritia
2333 2646 2426 2681 sua
2448 2631 2626 2683 habuit
2651 2632 2887 2698 bajulum
2921 2637 3125 2689 nomine
3144 2636 3445 2704 Leonidem,

1892 2719 2065 2771 citatis
2128 2721 2358 2775 moribus
2405 2734 2450 2775 et
2494 2725 2835 2789 incomposito
2901 2729 3103 2783 incessu
3142 2732 3444 2796 notabilem,

1890 2826 2005 2877 qna'
2036 2826 2162 2876 puer
2188 2815 2341 2879 quasi
2382 2816 2463 2867 lac
2504 2818 2861 2869 adulterinum
2896 2837 3081 2889 sngens
3116 2823 3178 2875 ab
3206 2840 3266 2876 eo
3297 2841 3441 2878 sum-

1888 2899 2010 2964 psit.
2075 2898 2220 2952 L’nde
2264 2902 2317 2952 in
2357 2904 2539 2981 adulta
2576 2917 2726 2959 relate
2773 2910 2981 2975 sapiens
3008 2920 3054 2963 et
3080 2928 3171 2964 rex
3211 2914 3358 2980 fortis
3392 2932 3444 2969 se

1889 2992 2054 3055 ipsum
2090 2994 2491 3059 reprehendebat
2514 3007 2560 3050 et
2590 3000 2756 3052 vitare
2792 3002 3010 3065 volebat,
3041 3005 3131 3057 sed
3156 3015 3209 3058 ut
3234 3007 3442 3075 legitur,

1890 3096 2005 3131 cum
2043 3085 2218 3134 omnia
2265 3101 2422 3153 regna
2463 3088 2662 3152 vicerit,
2695 3090 2748 3141 in
2789 3091 2884 3143 hoc
2939 3109 2992 3145 se
3048 3095 3212 3158 ipsum
3245 3098 3446 3152 vincere

1811 3161 1852 3216 (ἶ
1889 3188 1984 3223 non
2024 3176 2211 3238 potuit.
2255 3175 2446 3229 Gntj'rS.

1952 3263 2250 3334 [Βαΐουλο;,
2303 3270 2391 3335 qui
2464 3270 2695 3337 βάγυλος
2750 3288 2966 3344 quoque
3018 3275 3337 3347 Theophani
3387 3283 3438 3339 in

1882 3353 2061 3407 Leone
2108 3355 2437 3427 Copronymi
2476 3358 2539 3411 F.
2589 3364 2870 3428 scribitur,
2931 3367 3226 3437 ἐπίτροπος
3262 3372 3443 3424 καλεῖ-

1880 3458 1989 3502 ται,
2020 3443 2095 3498 ait
2137 3444 2425 3514 Gregoras,
2459 3466 2530 3512 tv,
2565 3452 2615 3506 9.
2653 3453 3032 3524 Moscbopulus
3089 3461 3441 3530 παιδαγωγὸν

1882 3535 1973 3582 xui.
2007 3535 2357 3606 παιδοτρίϐην
2380 3540 2467 3591 τὸν
2502 3542 2748 3609 βαῖουὶον
2772 3548 2989 3603 asserit.
3031 3549 3104 3603 De
3136 3549 3439 3607 Theodosio

1880 3625 2169 3681 Theodosii
2188 3627 2427 3686 iunioris
2467 3634 2650 3705 bajulo
2672 3637 3025 3708 TheOpbanes
3051 3652 3106 3696 et
3134 3644 3436 3712 Cedrenus,

1879 3716 1930 3768 iu
1957 3732 2114 3782 quem
2165 3734 2262 3773 nos
2309 3722 2433 3788 alia,
2472 3726 2732 3795 pluraque
2768 3730 2848 3783 vir
2897 3732 3297 3790 eruditissimus
3332 3736 3436 3790 Fa-

1881 3806 2065 3860 brutus
2119 3811 2358 3881 collegit,
2394 3829 2456 3869 ac
2492 3830 2519 3868 a
2564 3818 2799 3874 Meursio
2860 3822 3096 3878 diversa.
3131 3824 3253 3882 "are
3279 3827 3436 3884 nobis

1878 3899 1965 3963 qui
2001 3914 2199 3965 pueros
2252 3917 2357 3957 non
2390 3906 2629 3975 regimus
2670 3909 2736 3963 de
2783 3911 2967 3979 bajulo
2993 3915 3148 3979 satis,
3197 3930 3265 3970 ne
3298 3916 3436 3973 forte

1876 3985 2050 4041 aliena
2103 3990 2244 4043 dicta
2306 3993 2410 4046 huc
2437 4008 2796 4065 congerentes
2858 4001 3085 4060 infames
3143 4006 3301 4074 bajuli
3343 4010 3436 4061 lla-

1878 4092 2018 4129 mus.
2047 4077 2217 4134 Gesn.

1877 4188 1938 4259 (ι)
1976 4192 2743 4271 σέτέιρρρξηέψαῃοιι
2788 4204 3082 4261 conm-:0
3155 4210 3235 4264 AC
3306 4213 3432 4271 nu-

2007 4260 2188 4318 raro
2227 4262 2553 4321 nonnum.
2587 4268 2841 4326 0RDINE
2876 4260 3296 4349 nterSITtis,

1941 4388 2000 4425 ex
2036 4384 2159 4428 octo
2183 4378 2402 4433 circiter
2434 4381 2614 4451 Regiis
2642 4384 2773 4464 MSS
2792 4389 2856 4439 ad
2891 4388 3114 4446 invicem
3148 4396 3360 4453 collatis

2480 4466 2813 4521 exscriptus.

1940 4541 2005 4586 a'.
2042 4538 2067 4587 6
2094 4538 2377 4606 δεσπότης.
2440 4541 2502 4608 β’.
2536 4543 2563 4595 6
2593 4544 3063 4619 σεϐαστοκράτωρ.
3132 4552 3198 4619 γ’.
3246 4558 3273 4609 6
3305 4561 3427 4611 καῖ-

1870 4641 1991 4692 σαρ.
2016 4627 2077 4679 δ’.
2110 4628 2137 4677 6
2179 4633 2712 4699 πανυπξρσέὸαστος.
2752 4638 2811 4691 ε’.
2842 4642 2868 4690 6
2910 4646 3422 4717 πρωτοόεστιάριος.

1870 4721 1942 4776 ς’.
1979 4716 2006 4766 6
2040 4717 2213 4782 μέγας
2237 4719 2382 4784 δούξ.
2410 4722 2469 4783 ζ’.
2493 4723 2519 4773 6
2553 4727 2721 4790 μέγας
2754 4727 3085 4796 δομέστικος.
3123 4740 3190 4801 η’.
3218 4739 3245 4789 6
3281 4716 3422 4808 τιρω·

1864 4805 2196 4875 τοστρὰτωρ.
2228 4808 2290 4861 0'.
2327 4812 2352 4861 6
2389 4813 2564 4879 μέγας
2600 4814 2907 4887 λογοοέτης.
2945 4828 2992 4875 ι’.
3013 4825 3040 4875 6
3067 4825 3235 4892 μέγας
3261 4805 3425 4898 aspa-

1862 4897 2215 4968 τοπεδάρχης.
2252 4903 2337 4953 ια’.
2363 4905 2389 4953 ὁ
2428 4904 2595 4970 μέγας
2621 4912 3037 4979 πριμμικήριος.
3070 4915 3155 4983 ιβ’.
3193 4919 3218 4968 6
3250 4897 3425 4987 μέγας

1862 4990 2235 5053 κονοσταῦὶος.
2262 4998 2347 5059 ιγ’.
2384 4994 2526 5047 ὁὲπὶ
2556 4996 2650 5049 τοῦ
2685 5002 3009 5057 κανικλείου.
3064 5005 3144 5060 ιδ’.
3194 5010 3222 5061 6
3275 5026 3420 5079 πρω-

1858 5076 2196 5137 τοσέϐαπτος.
2238 5088 2316 5131 ιε’.
2341 5083 2366 5131 6
2400 5083 2489 5134 ἐπὶ
2516 5086 2736 5155 κέρνης.
2773 5096 2867 5153 ις’.
2924 5093 2951 5144 6
2992 5076 3420 5169 “GPIXOtptb’lLE-

1858 5184 1943 5227 vo;
1964 5167 2061 5234 τῆς
2100 5170 2339 5240 μεγάλης
2383 5175 2689 5243 σφενδόνης.
2746 5180 2831 5241 ιζ’.
2861 5184 2888 5233 6
2922 5188 3417 5259 παρακοιμώμενος

1856 5256 1947 5309 τοῦ
1981 5259 2257 5322 κοιτῶνος.
2300 5261 2389 5329 ιη’.
2420 5267 2448 5315 ὁ
2482 5267 2653 5333 μέγας
2687 5268 2951 5338 βαῖουλος.
3025 5275 3113 5331 ιϐ’.
3168 5281 3195 5333 6
3231 5256 3417 5352 κουρο-

1856 5348 2119 5415 παλάτης.
2158 5358 2224 5403 κ’.
2259 5352 2283 5402 6
2325 5354 2877 5430 πρωτοόεστιαρίτης.
2908 5362 3009 5418 κα’.
3054 5348 3415 5437 ὁδομέστικος

1851 5439 1947 5503 τῆς
1981 5438 2264 5507 βασιλικῆς
2293 5445 2588 5515 τραπέζης.
2621 5448 2724 5517 κβ¹.
2750 5452 2776 5502 6
2806 5453 2895 5503 ἐπὶ
2924 5456 3218 5528 τραπέζης.
3247 5468 3349 5527 κγ’.
3385 5466 3413 5516 6

1850 5529 2137 5599 ὶογοθέτης
2170 5531 2260 5583 τοῦ
2291 5534 2531 5589 Γενικοῦ.
2565 5537 2664 5591 κδ’.
2712 5544 2739 5594 6
2773 5542 2943 5610 μέγας
2977 5548 3205 5611 παπίας.
3261 5550 3356 5605 κε’.
3384 5556 3412 5606 6

1850 5618 2107 5687 ἔπαρχος.
2177 5621 2286 5684 xg'.
2320 5624 2346 5673 6
2398 5628 2566 5693 μέγας
2594 5629 2973 5705 δρουγγάριοις
3004 5640 3101 5704 τῆς
3133 5641 3409 5713 βασιλικῆς

1852 5710 2058 5779 βίγλης.
2090 5712 2191 5776 κζ’.
2216 5716 2243 5765 ὁ
2271 5718 2435 5783 μέγας
2470 5720 2877 5795 ἑταιρειάρχης.
2938 5726 3041 5797 κη’.
3066 5733 3093 5783 6
3123 5710 3411 5807 XoyoOlrnc

1843 5801 1929 5855 τοῦ
1973 5803 2193 5872 δρόμου.
2261 5809 2360 5861 κθ’.
2419 5813 2441 5861 6
2488 5811 2690 5877 ὕπατος
2742 5817 2844 5868 τῶν
2893 5820 3214 5891 φιλοσόφων.
3278 5825 3343 5881 λ’.
3379 5830 3407 5880 6

2896 5916 2934 5973 Β
