4252 6444
265 352 366 424 945

1377 358 1761 421 GBETSElll
1801 365 1895 423 ET

1939 367 2169 428 00AM]
2217 367 2455 430 ΝΟΤΑΞ.
3411 366 3517 428 246

269 482 454 521 surum
484 486 495 530 ;
540 469 788 536 quamvis
820 468 1006 520 eadem
1045 482 1175 521 voce
1208 470 1406 538 replum
1441 470 1569 524 illud
1620 473 1670 525 in
1744 476 1837 527 de-
1871 481 1911 534 Α
1945 480 2177 531 nondum
2200 481 2355 533 mulis
2389 492 2589 543 lusum,
2632 478 2936 550 exindeque
2985 478 3162 535 serico
3204 477 3291 530 ﬁlo
3314 494 3509 547 super-

274 571 445 627 spotae
512 562 651 629 pileo
716 561 956 614 anterius
1013 561 1345 630 prominens,
1402 573 1560 630 prout
1587 566 1833 619 iconibus

262 652 478 707 (Duellii
507 654 800 708 l-‘lorentini
842 662 958 706 acta
994 655 1249 707 nonnulla
1315 659 1832 722 reprtesentantibus

262 757 323 795 ac
356 757 450 809 per
476 746 641 797 hocce
668 761 802 811 opus
834 746 941 815 (ed.
972 743 1199 813 Lupar.)
1237 747 1439 814 sparsis
1478 764 1540 801 ex
1594 750 1833 817 antiquis

261 836 662 901 esentplaribus
685 836 940 905 pingitur,
960 836 1271 889 addubitem
1298 838 1779 908 signiﬁcariﬁom
1812 839 1828 909 ]

318 944 378 997 P.
412 944 479 997 15
507 947 1097 1015 Χρυσοκλαόαρικόν.
1129 945 1325 1004 Junius
1358 960 1409 1001 et
1465 951 1552 1003 hic
1606 962 1657 1003 ct
1710 952 1834 1004 alibi

259 1037 458 1104 sapius
524 1039 636 1093 edit
707 1039 1202 1108 χρυσθκλαόάρικα,
1244 1051 1298 1095 ct
1351 1057 1541 1098 auratas
1605 1042 1835 1111 virgultis

260 1129 666 1197 interpretatur.
698 1130 800 1184 Sed
861 1131 1018 1185 lectio
1087 1143 1268 1187 nostra
1328 1144 1468 1185 recta
1523 1142 1641 1196 est;
1712 1150 1832 1187 nam

260 1221 789 1289 (hrysoclavaricum
826 1222 966 1276 idem
1001 1233 1083 1277 est
1114 1229 1255 1293 quod
1314 1226 1676 1293 cln'ysoclavus
1740 1245 1833 1281 Seu

256 1314 697 1381 rlnysoclavataa,
723 1330 821 1368 vos
850 1316 1137 1370 Anastasio
1176 1316 1595 1372 Bibliothecario
1628 1320 1679 1372 in
1704 1337 1837 1387 pon-

256 1404 498 1459 tiﬁcibus
533 1407 694 1461 toties
729 1417 1026 1472 usurpata;
1068 1408 1147 1460 vel
1186 1409 1229 1460 si
1270 1424 1416 1462 mere
1448 1410 1692 1465 Latinam
1729 1414 1844 1466 dic-

257 1497 462 1550 tionem
520 1499 676 1559 velis,
738 1500 1037 1553 auriclavus
1100 1517 1199 1555 seu
1230 1505 1613 1559 auriclavatus.
1668 1505 1839 1561 Erant

255 1588 388 1641 clavi
412 1592 561 1641 aurci
594 1589 647 1642 in
683 1591 920 1644 vestibus
949 1606 1227 1660 segmenta
1259 1597 1503 1663 quaedam
1526 1597 1581 1651 in
1612 1598 1840 1653 fol-mam

254 1678 531 1734 clavorum
581 1680 776 1746 etlicta,
818 1693 1044 1737 ornatus
1088 1684 1258 1752 gratia
1317 1689 1559 1742 vestibus
1611 1689 1839 1759 adjecta.

252 1771 459 1828 (ἐκεῖ-ς.

326 1860 462 1915 Ibid.
500 1862 605 1935 [ςῑι
635 1864 772 1919 idem
812 1864 936 1921 licet
986 1869 1487 1939 χρυσοκλαεαρικόν
1513 1874 1657 1941 quod
1685 1874 1836 1943 chry-

252 1959 501 2008 soclavus
527 1956 605 2009 vel
631 1956 1084 2025 cbrysoclavatus,
1118 1977 1219 2014 vos
1273 1964 1566 2017 Anastasio
1628 1964 1833 2020 Biblio-

252 2046 499 2101 thecario
524 2046 574 2098 in
611 2048 957 2114 pontiﬁcibus
1016 2053 1292 2107 ntultoties
1351 2064 1652 2124 usurpata:
1708 2075 1831 2112 cum

250 2135 354 2188 alia
377 2144 555 2191 tamen
578 2152 723 2192 mere
747 2136 937 2193 Latina
967 2141 1206 2197 dictione
1231 2146 1532 2220 auriclayus
1552 2164 1645 2201 seu
1679 2152 1831 2201 auri-

249 2231 673 2289 clavatus.sono
704 2232 953 2299 quamvis
1006 2234 1202 2298 vicina,
1268 2238 1467 2292 nullam
1521 2241 1573 2293 in
1637 2257 1832 2295 sensus

252 2317 584 2384 proprietate
616 2322 932 2373 societatem
970 2321 1089 2376 init.
1135 2322 1466 2378 Erantenim
1508 2327 1643 2380 clavi
1682 2330 1830 2380 aurei

250 2406 305 2458 in
345 2408 588 2460 vestibus
626 2420 902 2478 segmenta
921 2412 1169 2479 quaedam
1220 2412 1270 2465 in
1298 2412 1524 2467 formam
1552 2418 1826 2469 clavorum

249 2498 444 2566 edicta,
488 2513 711 2557 ornatus
745 2505 917 2569 gratia
954 2507 1195 2559 vestibus
1225 2509 1436 2574 adjecta
1464 2526 1477 2562 ε
1509 2513 1826 2579 χρυσοκλα-

250 2589 477 2659 ὗιρικόν
519 2608 645 2647 vero
673 2609 778 2646 non
813 2596 1075 2647 clavatttm
1127 2598 1284 2650 modo
1344 2602 1435 2652 sed
1491 2602 1724 2662 varium,
1775 2612 1829 2654 et

251 2682 613 2752 quodcunque
665 2700 804 2755 opus
857 2695 939 2741 est
1005 2687 1105 2741 lilis
1140 2690 1320 2743 aureis
1351 2691 1667 2761 phrygionis
1713 2706 1828 2748 arte

253 2776 307 2828 in
376 2776 626 2844 subjecto
682 2779 859 2832 serico
910 2781 991 2833 vel
1053 2796 1229 2848 panno
1293 2782 1472 2837 dnctis
1516 2784 1823 2853 depictum;

252 2866 397 2919 unde
426 2868 774 2937 phrygionem
794 2871 1356 2940 χρυσοκλαὸαριστήν.
1387 2876 1467 2928 vel
1487 2890 1610 2928 cum
1642 2876 1824 2930 Theo~

253 2960 433 3025 phane
508 2961 977 3030 χρυσοκλαὸἀριον
1026 2964 1287 3033 (ἀνήφθη.
1313 2965 1507 3035 inquit,
1536 2968 1697 3035 μέρος
1729 2969 1821 3020 τοῦ

248 3049 557 3116 immuto»
587 3051 696 3103 τῶν
722 3053 1227 3120 χρυσοκλαεαρέων,
1265 3060 1612 3125 plrrygionum
1655 3060 1824 3126 ofﬁcio

248 3158 330 3193 me
364 3158 487 3205 pars
502 3145 791 3195 .rombusta
813 3147 909 3209 est)
941 3144 1212 3197 neoterica
1237 3144 1441 3201 Graecia
1472 3160 1651 3220 vocat.
1680 3149 1817 3201 Cors
1846 3166 1887 3220 ο

250 3233 455 3287 rectius
481 3242 655 3287 tamen
682 3247 803 3287 cunt
836 3232 1017 3301 Regiis
1045 3235 1204 3304 222
1256 3236 1488 3306 aliisque
1539 3219 1813 3294 nonnullis

248 3326 649 3393 exemplaribus
696 3328 1239 3396 χρυηκλαδαριστήν
1285 3331 1511 3395 diceret,
1573 3331 1642 3385 ob
1688 3348 1818 3401 χρυ-

251 3416 545 3476 σθκὶάεςυς
591 3418 704 3470 sive
734 3417 1259 3486 χρυσοκλαδαρικὰς,
1293 3419 1492 3487 quibus
1521 3436 1655 3474 auro
1677 3422 1815 3475 ludit

249 3510 473 3573 ﬁguras,
496 3522 613 3574 qua:
644 3506 842 3574 ἱματίῳ
867 3520 1091 3575 rerepta:
1115 3510 1335 3576 φύλλοις
1357 3511 1451 3562 καὶ
1476 3510 1687 3573 κλάδοις
1714 3528 1815 3563 πε-

250 3594 627 3661 τ-οικι).μένον,
667 3594 809 3658 [aliis
841 3603 889 3648 et
924 3598 1251 3650 ramunculis
1282 3599 1485 3650 varium
1530 3600 1818 3654 redduntct

250 3684 580 3738 distinctum.
623 3682 810 3746 Ῥίζας
834 3686 903 3738 ob
940 3686 1169 3754 implexa
1201 3704 1263 3740 ac
1292 3702 1392 3741 acu
1417 3689 1633 3743 ludente
1657 3692 1821 3745 variis

252 3775 567 3829 tramitibus
589 3775 751 3830 ducta
784 3776 1007 3830 ramalia
1042 3778 1241 3831 scribet
1284 3794 1546 3835 numerus
1583 3796 1820 3850 sequens

252 3865 465 3918 tertius.
512 3862 651 3929 Quot
668 3864 813 3917 enim
836 3866 994 3917 ramis
1014 3867 1208 3926 aureis,
1229 3880 1333 3934 qua
1358 3868 1520 3922 rectis
1571 3882 1674 3935 qua
1695 3884 1823 3925 con-

255 3957 537 4019 tortis,hie
555 3956 946 4010 discriminatis
972 3970 1026 4009 et
1055 3957 1262 4018 divisis.
1283 3958 1353 4011 ibi
1377 3959 1539 4012 simul
1561 3961 1821 4025 collectis,

257 4062 400 4099 nunc
434 4046 836 4111 enascentibus,
872 4046 1000 4099 alibi
1052 4049 1312 4101 truncatis
1347 4051 1427 4102 vel
1453 4050 1694 4116 jucunde
1736 4053 1826 4104 de-

256 4138 582 4200 sinentibus,
616 4138 788 4208 pingit
816 4153 879 4191 ac
914 4138 1086 4191 variat
1142 4140 1465 4192 materiam?
1494 4139 1592 4194 Hic
1645 4152 1826 4195 autem

262 4243 367 4281 non
402 4229 594 4290 clavos,
631 4230 722 4279 sed
758 4231 1098 4282 characteres
1121 4244 1333 4293 aureos,
1367 4231 1603 4297 gerentis
1630 4246 1824 4284 nomen

258 4322 646 4387 exprimentes.
683 4321 732 4371 in
791 4321 895 4373 ima
923 4321 1043 4387 pilei
1084 4337 1200 4385 ora,
1233 4322 1276 4375 si
1336 4322 1502 4385 lubet,
1550 4323 1831 4377 adnotabis

260 4424 534 4467 exaratos.
577 4412 771 4482 GO.\lt.]

1876 1815 1913 1869 Β

1942 572 2243 624 inductum.
2287 572 2658 639 Συρματέῖνον
2691 572 2873 639 itaque
2919 587 3058 641 opus
3118 578 3204 624 est
3261 585 3395 622 auro
3458 569 3511 623 in

1943 663 2027 715 lila
2060 663 2230 717 solida
2269 664 2428 716 ducto
2482 664 2850 732 compositum
2908 664 2989 718 vel
3062 664 3288 729 pictum,
3353 664 3515 731 quale

1937 754 2169 820 despotze
2192 772 2383 808 nntnen
2440 756 2491 808 in
2512 756 2627 823 ejus
2652 754 2791 824 pileo
2827 755 3175 824 phrygionica
3199 770 3359 809 manu
3385 755 3519 809 dolio

1939 855 2143 899 neatnr.
2171 846 2367 919 ϐψω]

2012 935 2147 991 Ibid.
2173 939 2401 991 Tcwsia.
2424 939 2499 991 lta
2522 938 2644 1007 lt‘gil
2664 937 2878 1002 Junius,
2902 949 2952 989 et
2974 939 3168 1004 apicem
3196 935 3519 1004 interpreta-

1941 1040 2049 1095 tur,
2087 1048 2196 1099 quo
2227 1032 2443 1084 nomine
2472 1032 2722 1099 intelligit
2747 1033 3063 1098 superiorem
3086 1030 3258 1085 scindi
3281 1041 3511 1096 partem,

1941 1123 1992 1175 in
2059 1139 2247 1175 conum
2299 1136 2654 1191 assurgentem
2743 1123 3124 1192 fastigiatam:
3189 1121 3519 1190 detlncilque

1942 1215 2189 1267 voculatn
2230 1218 2434 1281 tussiat,
2474 1217 2622 1282 παρὰ
2658 1215 2717 1265 τὸ
2738 1215 2950 1277 τείνειν,
2982 1232 3009 1264 a
3035 1214 3311 1266 tendendo.
3349 1213 3405 1267 In
3439 1214 3517 1266 al-

1942 1317 2056 1361 tero
2080 1307 2266 1361 codice
2310 1308 2567 1362 thvaricn
2596 1306 3123 1377 legiturdisjunctim
3160 1308 3225 1358 τὰ
3253 1307 3392 1369 asia,
3460 1306 3513 1357 in

1944 1408 2136 1451 neutro
2166 1416 2359 1467 genere
2390 1417 2402 1452 :
2428 1400 2565 1453 etita
2602 1400 2886 1468 legendum
2919 1410 3045 1466 puto
3072 1400 3120 1452 l.
3151 1398 3275 1466 quia
3321 1396 3513 1451 subdi-

1945 1499 2030 1544 tur
2055 1494 2105 1545 in
2139 1506 2330 1547 neutro
2360 1509 2555 1561 genere
2585 1496 2648 1545 τὰ
2676 1496 2792 1545 asia.
2822 1486 2905 1544 οἶα.
2936 1495 3026 1543 καὶ
3050 1493 3113 1543 τὶ
3141 1490 3394 1560 βασιλικὰ
3424 1507 3437 1543 :
3463 1497 3517 1543 ct

1947 1584 2082 1638 intra
2113 1603 2127 1642 :
2168 1587 2227 1638 Ὀ
2266 1586 2372 1653 ἀὴρ
2396 1586 2488 1637 καὶ
2518 1588 2583 1637 τὰ
2624 1588 2762 1648 asia,
2798 1578 2882 1638 εἷα
2913 1585 3006 1635 καὶ
3030 1584 3097 1635 τὰ
3120 1583 3212 1635 τοῦ
3229 1582 3511 1635 δεσπότου.

1946 1677 2173 1747 Signum
2216 1694 2345 1746 ergo
2377 1690 2457 1732 est
2506 1688 2558 1731 et
2594 1678 2641 1730 id
2686 1678 2828 1746 quod
2883 1676 3175 1740 antecedit,
3227 1688 3423 1743 nempe
3452 1674 3516 1725 τὰ

1947 1773 2085 1829 asta.
2119 1770 2366 1824 neutrius
2407 1771 2620 1839 generis
2646 1784 2787 1823 esse.
2836 1770 2889 1822 ἓ.
2924 1767 3060 1832 Quia
3086 1766 3154 1818 τὰ
3197 1767 3316 1819 asia
3366 1763 3516 1819 Junii

1941 1876 1968 1913 a
2002 1861 2161 1913 τεξνω
2196 1877 2291 1928 pro
2348 1862 2667 1913 extensione
2720 1876 2918 1929 genrre
2979 1857 3243 1912 feminino
3291 1871 3515 1927 prorsus

1938 1953 2119 2019 ignota
2151 1960 2205 2005 et
2240 1952 2497 2005 inusitata
2528 1959 2628 2004 est.
2661 1948 2798 2019 Quid
2834 1951 2903 2004 sit
2940 1951 3118 2013 risu,
3173 1964 3366 2003 omnes
3413 1964 3510 2001 no-

1938 2054 2064 2094 runt
2102 2043 2263 2111 :qnid
2287 2044 2495 2102 nasia,
2527 2057 2619 2110 per
2653 2040 2877 2094 Junium
2904 2055 3062 2094 nemo
3086 2041 3268 2105 novit;
3293 2040 3510 2093 tametsi

1934 2132 2164 2199 ingenue
2197 2131 2369 2184 fateor
2408 2144 2491 2184 me
2546 2142 2885 2199 compertum
2948 2143 3053 2183 non
3117 2129 3319 2183 habere
3376 2130 3511 2198 quid

1931 2224 2000 2276 τὰ
2028 2225 2145 2274 σεῖα
2168 2223 2489 2289 signiﬁcent.
2530 2221 2799 2286 Quocirca
2859 2222 2910 2272 in
2962 2219 3215 2274 versione
3268 2218 3510 2274 Graecam

1930 2314 2225 2367 dictionem
2256 2314 2477 2377 retinui,
2510 2314 2682 2368 donec
2716 2313 2816 2365 viri
2873 2313 3019 2366 docti
3080 2313 3163 2365 vel
3194 2327 3376 2365 veram
3436 2313 3511 2365 si-

1928 2405 2294 2474 gniﬁcantium
2326 2413 2523 2459 cruant
2580 2405 2660 2459 vel
2701 2405 2913 2459 Codino
2987 2419 3170 2458 veram
3215 2403 3507 2457 lectionem

1930 2493 2241 2545 restituant.
2278 2493 2482 2546 Gners.

2005 2581 2148 2636 Ibid.
2181 2582 2565 2653 [Promerebor
2596 2585 2727 2639 mihi
2757 2585 3072 2644 Gretserum
3096 2591 3274 2647 Allatii
3304 2608 3509 2656 comes,

1935 2682 1989 2727 et
2019 2688 2203 2729 veram
2236 2674 2342 2726 τῶν
2410 2675 2569 2728 σείων
2627 2677 3049 2746 signiﬁcautiam
3106 2698 3315 2737 eruam.
3377 2684 3509 2737 Σ-ἰα

1927 2776 2053 2821 sunt
2084 2766 2227 2836 longi
2269 2768 2430 2823 unius
2470 2768 2581 2824 fere
2615 2772 2778 2840 palmi
2812 2778 3233 2844 margaritarum
3264 2785 3503 2842 tractus,

1925 2859 2071 2912 circa
2106 2858 2345 2926 despotze
2376 2874 2533 2914 aures
2572 2877 2600 2913 e
2630 2863 2770 2929 pileo
2844 2866 3087 2933 penduli.
3144 2867 3236 2922 Sic
3303 2869 3417 2921 lora
3477 2884 3508 2923 e

1926 2946 2246 3016 pontiﬁcum
2308 2950 2506 3013 milris,
2547 2950 2705 3008 funes
2762 2955 3031 3010 reticulati
3068 2972 3097 3011 e
3142 2958 3504 3013 cardinaliunt

1927 3040 2105 3109 pileis,
2165 3041 2389 3097 inaures
2414 3043 2545 3112 ipsae
2600 3059 2664 3098 ex
2720 3047 2945 3100 auribus
3002 3048 3297 3115 pendentes
3359 3050 3503 3109 σετα.

1924 3140 2074 3195 sunt,
2111 3132 2347 3197 mobilia,
2380 3136 2606 3188 tremula
2643 3136 2972 3205 pendulaque
3022 3149 3350 3204 ornamenta,
3398 3139 3504 3191 ἀπὸ

1920 3223 2014 3276 τοῦ
2048 3224 2233 3277 σείειν.
2267 3225 2462 3277 Iisdem
2497 3226 2547 3278 iu
2577 3227 2901 3294 patriarcha:
2954 3228 3096 3296 pileo
3128 3227 3502 3298 Turcogmcia

1925 3324 2203 3383 nuncupat
2243 3316 2725 3385 καμηλαυκόλαὸα,
2756 3319 2877 3385 pilet'
2902 3319 3178 3371 manubria
3214 3323 3290 3373 vel
3320 3336 3498 3374 ansas.

1921 3406 2070 3462 Gom
2099 3406 2118 3479 ]

1989 3500 2074 3553 Ib.
2112 3499 2326 3567 Κόμὸος
2377 3512 2458 3555 est
2515 3502 2701 3555 nodus.
2752 3502 3121 3571 Composituln
3178 3503 3503 3572 ιπικὸμσια,

1922 3589 1989 3644 de
2020 3608 2125 3659 quo
2163 3591 2320 3653 intra,
2376 3603 2505 3646 sunt
2543 3603 2817 3663 segmenta
2852 3595 3035 3663 panni,
3062 3596 3262 3663 quibus
3301 3596 3503 3654 involvi

1923 3680 2097 3733 solent
2122 3681 2327 3733 nummi
2352 3681 2963 3752 aurei,argentei,a‘.rci,
2990 3700 3111 3752 quin
3131 3684 3505 3754 etiantxdpét

1924 3769 2287 3839 appellantur.
2316 3771 2829 3842 ΙΙίιιοκομσολύτης,
2866 3772 3305 3845 βαλαντιοτόμος.
3336 3775 3505 3831 Usur“

1926 3873 2084 3931 patnr
2139 3880 2356 3933 quoque
2376 3864 2589 3931 κόμπος
2618 3880 2712 3933 pro
2747 3865 2970 3933 κόμῦος.
2994 3866 3253 3931 Quamvis
3293 3868 3504 3935 κόμπος

1928 3951 2201 4006 interdum
2227 3954 2366 4006 idem
2393 3964 2471 4008 est
2506 3956 2649 4023 quod
2674 3958 2997 4009 commodus.
3034 3956 3331 4012 Mauricius
3361 3960 3503 4025 apud

1930 4045 2214 4113 lligaltinnt
2246 4045 2462 4097 :Kzitbv
2481 4047 2534 4097 δέ
2554 4048 2668 4098 ἐστι
2685 4045 2842 4115 223
2863 4049 3051 4111 τέντας
3073 4048 3213 4101 κατᾶ
3237 4051 3296 4102 τὸ
3318 4051 3503 4119 σχῆμα

1928 4136 2036 4189 τῶν
2082 4135 2331 4204 Ἀϐἀρων
2365 4137 2396 4205 ἢ
2432 4136 2694 4206 Τούρκων
2752 4138 3032 4205 γενέσθαι,
3090 4141 3172 4194 ὅτι
3229 4141 3319 4195 καὶ
3365 4160 3502 4210 κομ-

1932 4228 2027 4278 παὶ
2094 4229 2188 4279 καὶ
2239 4228 2518 4296 χρειώδεις
2556 4229 2715 4282 εἰσίν.
2755 4229 2959 4284 Gns'rs.

2006 4316 2306 4389 Ibid.l_Toﬁ
2361 4320 2603 4386 κόμϐου.
2643 4319 2759 4372 Non
2826 4322 3123 4386 quemlibet
3176 4326 3390 4387 nodum,
3424 4326 3503 4379 vel

1935 4424 2054 4463 eunt
2085 4411 2286 4473 solum,
2324 4426 2422 4463 vos
2462 4411 2665 4478 κόμῦος
2700 4416 2865 4465 menti
2902 4414 3111 4481 objicit.
3137 4413 3233 4468 Hic
3260 4431 3386 4469 vero
3413 4433 3503 4471 so-

331 4506 473 4557 )bid.
538 4505 903 4573 Συρματέῖνον
951 4505 1301 4568 ﬁmbriatum,
1347 4520 1376 4561 τι
1408 4515 1686 4573 syrmate;
1724 4522 1831 4574 quo
1864 4508 1907 4563 ι)
1936 4501 2041 4556 lius
2107 4500 2470 4569 imperatoria:
2537 4518 2751 4558 coronae
2805 4520 3112 4572 gemmeum
3165 4509 3366 4575 apicem
3416 4512 3503 4564 vel

263 4596 481 4648 nomine
510 4596 744 4663 intelligo
802 4596 1054 4663 utrinque
1116 4596 1470 4663 dependentia
1505 4612 1570 4651 ex
1617 4598 1822 4651 sciadio

261 4702 353 4738 seu
385 4686 525 4754 pileo
556 4686 713 4752 quasi
752 4685 975 4739 reticula
1038 4700 1148 4739 seu-
1197 4686 1501 4751 tuniculos;
1556 4702 1715 4754 quos,
1777 4690 1821 4743 si

262 4779 431 4841 lubet,
456 4778 629 4831 oculis
661 4778 931 4845 inspicere
966 4778 1166 4845 poteris
1188 4778 1241 4831 in
1274 4779 1450 4832 tribus
1500 4779 1825 4847 imaginibus

262 4868 678 4937 imperatorum,
711 4883 831 4937 qua:
863 4867 1109 4921 visuntur
1142 4868 1293 4921 initio
1350 4866 1643 4937 Nicephori
1691 4868 1819 4923 Gre-

263 4976 407 5031 gora:
441 4976 503 5013 ex
548 4961 785 5013 editione
811 4958 1104 5013 B'tsileensi
1162 4959 1317 5013 1562.
1377 4958 1491 5013 Non
1558 4961 1828 5016 absimilis

264 5062 347 5105 est
378 5051 603 5120 oﬂigies,
636 5066 799 5119 quam
820 5050 975 5103 nobis
1003 5049 1422 5103 Turco-Grtecia
1454 5061 1825 5118 repraesentat.

262 5141 804 5211 Χρυσοκλαῦαρικόν,
838 5142 1219 5209 συρματέἲνον,
1252 5152 1311 5194 ut
1353 5157 1460 5196 non
1519 5142 1829 5198 referantur

265 5251 388 5287 cum
422 5231 589 5287 Junio
618 5233 683 5285 ad
709 5232 954 5285 voculam
984 5232 1247 5299 ἀρώματα,
1268 5234 1358 5287 sed
1391 5235 1454 5286 ad
1476 5234 1650 5302 ipsum
1687 5234 1830 5289 scia-

263 5326 415 5380 dion.
472 5324 677 5378 (iners.

339 5415 479 5469 Ibid.
518 5413 733 5486 [Σύρμα
760 5414 833 5467 nil
876 5414 1054 5468 minus
1086 5428 1247 5483 quam
1304 5416 1428 5484 pilei
1466 5416 1686 5469 reticula
1738 5430 1831 5470 seu

267 5504 534 5572 funiculo:
590 5502 775 5566 refert,
806 5515 862 5557 ut
922 5504 988 5555 ab
1032 5518 1097 5555 eo
1155 5506 1328 5571 pileus
1395 5506 1509 5573 ipse
1576 5517 1833 5561 noscatur

267 5594 567 5661 fimbriatus
605 5610 622 5646 :
678 5597 880 5646 rectius
902 5609 1024 5645 cum
1053 5593 1257 5647 Graecia
1283 5596 1543 5649 hodierna
1567 5598 1835 5665 interpre—

270 5686 474 5738 tum-ris
492 5701 678 5738 aurum
709 5685 925 5742 ductile.
959 5700 1165 5745 aurum,
1196 5685 1441 5752 inquam,
1462 5686 1516 5738 in
1549 5687 1637 5750 ﬁla
1665 5688 1835 5739 solida

271 5783 526 5842 tractum,
556 5791 615 5829 or
660 5776 805 5838 trait,
854 5774 911 5840 ﬁl
949 5775 1079 5827 d‘ur.
1135 5774 1374 5829 Solidum
1430 5777 1535 5831 dixi
1566 5816 1577 5838 ,
1613 5778 1710 5832 hoc
1760 5786 1839 5833 cst

1924 4596 2254 4647 eminentem
2284 4593 2335 4645 in
2392 4608 2453 4647 ea
2508 4595 2804 4662 globulum,
2857 4612 2966 4663 quo
3037 4598 3277 4667 despota:
3330 4600 3503 4669 pileus

1925 4700 2032 4738 non
2072 4685 2383 4752 insignitur,
2423 4684 2606 4739 refert.
2633 4685 2831 4755 Cosa.)

2000 4772 2137 4828 Ibid.
2167 4775 2296 4829 Illud
2332 4777 2470 4843 πλὴν
2502 4778 2608 4829 τῶν
2638 4780 2897 4845 φοινίκων
2920 4796 3015 4833 seu
3041 4772 3323 4849 φοινικίων
3346 4784 3503 4837 vei'tit

1927 4865 2121 4920 Junius
2146 4867 2373 4935 exceptis
2407 4867 2601 4928 twniis,
2629 4878 2681 4921 et
2714 4869 2764 4921 in
2786 4869 3010 4924 scholiis
3039 4867 3321 4938 explicans
3368 4873 3499 4942 quid

1928 4958 2251 5018 sinttaenia’,
2283 4958 2358 5010 ait
2386 4972 2509 5013 eSSe
2541 4960 2696 5012 villus
2733 4959 3000 5030 oblongas,
3044 4962 3504 5032 quibustanquam

1931 5052 2055 5104 loris
2080 5063 2255 5118 partes
2281 5052 2444 5117 apicis
2484 5052 2775 5106 commissa:
2808 5063 2858 5104 et
2888 5065 3090 5108 sutura:
3117 5057 3330 5108 obtecta:
3352 5066 3500 5110 sunt.

1931 5141 2041 5206 Ego
2063 5152 2114 5193 et
2151 5142 2237 5194 hic
2273 5152 2323 5194 et
2360 5141 2496 5194 infra
2531 5144 2673 5196 malo
2702 5145 2982 5209 palmulis.
3033 5145 3183 5212 Apud
3246 5143 3502 5215 Capitoli-

1932 5248 2059 5284 num
2093 5232 2143 5284 in
2180 5231 2468 5285 Gordianis
2492 5244 2576 5287 est
2601 5233 2835 5299 palmata
2872 5236 3050 5287 tunica
3081 5246 3129 5287 et
3166 5248 3288 5305 toga
3338 5237 3501 5303 picta.

1931 5321 2130 5377 Gners.
3098 5315 3104 5321 ’

2007 5412 2147 5466 Ibid.
2181 5411 2461 5481 [Fructus,
2495 5430 2598 5467 non
2626 5415 2748 5469 folia
2772 5416 3088 5481 palmarum.
3110 5418 3162 5471 in
3190 5418 3289 5472 hac
3310 5418 3493 5473 dictio-

1938 5519 2006 5558 ne
2039 5505 2276 5571 lugendi.
2325 5506 2579 5576 Dactylos
2638 5508 2898 5561 hodierna
2939 5508 3141 5563 Gmcia
3168 5517 3323 5563 vocat
3384 5526 3499 5578 φοι-

1938 5596 2114 5648 νίκιαε
2140 5597 2212 5649 illi
2243 5613 2370 5650 vero
2406 5600 2457 5651 in
2485 5613 2599 5650 uva:
2626 5614 2853 5665 morem,
2876 5602 3060 5668 granis
3083 5612 3262 5655 tamen
3284 5601 3501 5671 longius

1938 5685 2148 5739 dissitis
2180 5702 2241 5737 ar.
2274 5703 2427 5754 mage
2481 5687 2755 5755 pendulis,
2790 5704 2819 5743 e
2881 5691 3057 5743 trunci
3127 5691 3353 5755 vertice,
3396 5708 3505 5759 qua

1942 5778 2076 5831 rami
2109 5788 2428 5845 nascuntur,
2470 5780 2718 5844 pendent.
2742 5780 2823 5837 Ab
2857 5782 3069 5837 arboris
3098 5782 3162 5837 ad
3210 5783 3497 5851 impctato-
