4252 6444
254 392 356 445 Μ
963 360 966 364 ’
1343 384 1724 445 (ιιιιιτεειιι
1784 383 1873 439 ET
1917 378 2148 437 omni
2194 376 2424 434 Ntrrr.

254 432 341 452 ιέιΊι

3378 370 3485 431 250

259 516 657 571 gammauc.sic
686 514 737 554 ct
778 512 1085 568 tegumenta
1120 502 1309 568 capitis
1351 510 1613 567 ganunata
1653 498 1817 549 fuisse
1850 500 1889 552 Α
1924 490 2153 544 tribunal
2191 504 2413 539 causam
2452 486 2646 539 refero.
2703 484 2779 537 ΙΙΙί
2824 484 2866 537 si
2928 480 3133 551 vulgari
3173 480 3480 534 Graecorum

261 591 534 644 videntur.
572 590 764 646 Fateor
812 601 992 645 tamen
1025 602 1076 644 ct
1107 591 1189 643 bic
1216 600 1270 644 ct
1305 592 1429 642 alibi
1466 591 1646 642 forsan
1696 588 1818 639 reti-

262 682 375 733 neri
412 696 568 749 posse
596 684 896 750 γράμματα
929 696 1023 749 pro
1046 683 1327 750 γάμματα,
1348 695 1469 732 cum
1513 680 1670 730 etiam
1706 678 1820 730 alia:

262 773 474 836 littera-,
530 774 829 841 praesertim
884 777 941 834 Δ,
968 774 1207 827 vestibus
1260 771 1405 825 assui
1459 770 1712 831 solerent,
1764 778 1820 820 ut

264 866 483 932 p'anutn
517 867 572 916 lit
604 880 663 915 ex
716 864 1093 929 imperatorum
1125 864 1292 917 tribus
1325 861 1671 924 imaginibus,
1700 874 1819 928 qua:

262 955 562 1022 Nicepltoro
605 954 853 1026 Grcgnra:
904 966 1305 1023 praeponuntur.
1338 955 1535 1008 Gttcrs.

333 1044 395 1098 P.
429 1046 507 1099 l5.
532 1044 594 1117 [Α
623 1048 1127 1115 margine,dictione
1152 1047 1359 1111 Latina,
1382 1046 1705 1115 μαργέλλιον
1728 1044 1821 1096 de-

267 1137 441 1188 riiant
482 1137 677 1200 (ἓνκαὶ,
725 1152 823 1189 nec
871 1138 1078 1190 corallii
1112 1139 1338 1207 pretium
1381 1139 1460 1191 vel
1496 1137 1820 1205 margellina:

267 1235 601 1277 venustatem
638 1226 922 1278 attendunt
952 1226 1135 1294 (prout
1172 1226 1459 1289 Meursius,
1495 1235 1546 1278 et
1576 1224 1666 1293 qui
1696 1240 1817 1277 eum

265 1314 602 1373 exscribunt,
632 1314 1159 1383 comminiscuntur),
1186 1324 1241 1365 ut
1265 1328 1324 1365 ea
1352 1327 1481 1365 voce
1508 1311 1672 1364 vestis
1704 1312 1822 1362 ιὶηιο

268 1403 389 1452 bum
440 1409 494 1453 et
528 1410 882 1454 assumentum
915 1404 1277 1469 quodcunque
1310 1402 1545 1455 discolor
1567 1401 1649 1453 vel
1690 1415 1823 1454 auro

272 1501 500 1554 textura,
546 1508 726 1560 panno
772 1493 1199 1561 superadditum,
1225 1501 1546 1561 exprimant.
1576 1494 1630 1546 ld
1665 1494 1821 1561 ipsie-

270 1594 378 1635 mvt
412 1600 439 1636 a
475 1582 729 1637 Gretsero
769 1594 889 1652 post
928 1585 1219 1639 Meursium
1268 1589 1552 1656 exscriptaa
1588 1587 1827 1641 auctori-

273 1687 409 1728 tates
442 1676 740 1747 evincunt.]
772 1677 937 1731 Com.

342 1767 485 1820 Ibi'l.
519 1769 782 1832 Κάλτζαι,
823 1771 1022 1840 caliga,
1072 1786 1135 1825 ex
1165 1771 1356 1826 Latino
1402 1772 1603 1826 calceus
1660 1772 1826 1840 magis

268 1873 429 1925 quant
461 1858 650 1927 caliga.
681 1860 746 1913 Et
769 1862 999 1914 sumitur
1018 1862 1110 1915 hic
1139 1878 1245 1915 non
1276 1878 1369 1931 pro
1391 1862 1707 1925 calceis,sed
1732 1876 1828 1930 pro

270 1951 473 2002 braccis
498 1965 516 2001 :
555 1965 677 2003 nam
714 1952 877 2004 calcei
898 1952 1009 2021 jam
1047 1962 1371 2021 sequuntur.
1404 1952 1601 2021 Caliga:
1651 1959 1827 2003 tamen

268 2056 466 2093 nomen
509 2042 671 2094 etiam
703 2043 944 2097 calceum
1006 2046 1289 2099 militarem
1348 2046 1632 2115 signilicat.
1698 2043 1830 2096 llinc

269 2130 431 2199 βουλὴ
454 2131 707 2198 καλίγων,
727 2144 937 2187 senatus
956 2135 1249 2202 caligarum
1268 2151 1360 2189 seu
1384 2138 1667 2205 caligatus.
1689 2135 1829 2203 apud

268 2220 522 2283 Dionem,
544 2223 578 2274 I.
607 2239 794 2289 sunt,
822 2241 1063 2280 scomma
1091 2228 1143 2279 in
1172 2238 1440 2290 senatum,
1475 2228 1617 2296 quod
1641 2227 1829 2294 caligis

268 2311 382 2364 sive
416 2312 610 2367 calceis
642 2316 965 2370 militaribus
993 2327 1253 2373 uteretur.
1289 2319 1378 2372 Sic
1402 2319 1571 2387 caliga
1596 2319 1830 2372 sumitur

268 2402 335 2452 ab
360 2402 652 2470 interprete
682 2415 868 2459 nostro
890 2408 1010 2461 Act.
1042 2424 1148 2462 xu:
1174 2409 1359 2462 Calrea
1390 2419 1435 2461 te
1466 2408 1663 2477 caligas
1689 2418 1828 2459 luas.

266 2487 456 2541 Graece
487 2492 747 2562 ὑπόδησαι
778 2496 843 2547 τὰ
885 2497 1138 2551 σανδάλιά
1166 2515 1280 2563 σου,
1317 2498 1521 2567 subliga
1587 2498 1830 2549 sandalio

271 2592 384 2632 tua.
418 2580 615 2637 Gaz-rs.

351 2670 490 2724 Ibid.
521 2671 819 2744 [Nusquam
857 2678 1061 2731 calceus
1096 2678 1340 2741 Latinus,
1366 2682 1451 2733 vix
1500 2682 1670 2750 caliga
1703 2680 1827 2733 item

273 2764 485 2828 Latina,
532 2766 639 2818 imo
670 2768 972 2821 certissime
1004 2770 1259 2825 Italorum
1291 2770 1435 2824 calze
1467 2788 1652 2826 vocem
1698 2772 1830 2823 κάλ-

268 2855 394 2912 τξαι
420 2854 622 2907 Graecis
644 2855 861 2909 dedere.
898 2855 1007 2910 Nec
1034 2858 1243 2910 bracca:
1275 2858 1475 2927 itaque,
1504 2861 1686 2912 minus
1719 2858 1831 2909 cal-

271 2960 409 3004 ceos,
456 2947 551 2997 sed
589 2946 667 2997 vel
698 2947 897 3013 caligas
936 2948 1000 3000 ad
1037 2964 1220 3002 suram
1258 2966 1429 3018 usque
1476 2952 1829 3004 ascendentes

274 3036 353 3085 vel
385 3036 620 3103 integras
653 3051 841 3091 ocreas
868 3040 1155 3106 signiﬁcat.
1193 3041 1331 3095 Usus
1362 3042 1614 3112 loquendi
1644 3056 1829 3096 recen-

1872 578 1876 581 ’
1931 584 2109 651 lingua
2143 579 2463 634 sententiam
2497 579 2800 639 enuntient,
2834 580 3068 645 primum
3104 574 3379 633 κόκκινον,
3405 586 3488 623 se—

1933 676 2170 729 cundum
2209 672 2299 734 ὀξὺ
2356 669 2597 723 sancient
2641 670 2985 733 vocandum;
3022 664 3490 733 suﬂragabuntur-

1931 783 2037 835 quc
2097 765 2456 833 Hieronymus
2505 763 2813 816 Germanus
2847 770 2899 814 et
2955 760 3141 812 Simon
3194 757 3406 809 Portius
3437 753 3488 805 in

1934 856 2118 910 lexit‘is
2142 854 2595 908 Grmcobarbaris.
2631 851 2835 918 Decipit
2867 851 3046 917 itaque
3075 847 3218 901 Junii
3244 848 3489 900 testimo-

1934 946 2077 999 nium
2106 962 2130 995 ει
2164 946 2414 999 Gretsero
2440 946 2746 1012 probatum,
2783 943 2869 997 ubi
2902 942 3011 995 ait:
3044 940 3117 992 Τδ
3152 938 3242 1003 ὀξύ
3268 940 3363 991 vim
3401 939 3484 989 in-

1933 1039 2171 1091 tendendi
2203 1037 2375 1090 habet.
2423 1033 2618 1102 Cosa]

2004 1130 2079 1183 Ib.
2105 1130 2412 1189 Μιυζάκιον
2435 1136 2514 1179 cst
2541 1127 2844 1188 mosaicum,
2873 1127 3126 1177 musiuum
3151 1138 3277 1188 Opus
3298 1135 3315 1172 :
3338 1128 3493 1171 erant

1929 1239 2057 1292 ergo
2082 1220 2251 1275 calcei
2274 1220 2361 1272 isti
2389 1218 2516 1287 picti
2550 1219 2704 1286 quasi
2736 1219 2801 1269 de
2836 1218 3066 1279 musivo,
3100 1216 3226 1283 quia
3258 1218 3493 1282 punctu-

1894 1317 1996 1368 .lis
2047 1312 2464 1367 versicoloribus
2520 1309 2848 1365 interstincti
2903 1317 3082 1362 erant.
3143 1304 3490 1358 ltecentiores

1929 1404 2098 1458 Gra'ci
2156 1403 2410 1471 μουσιοῦν
2463 1401 2554 1453 καῖ
2590 1400 2675 1451 διὰ
2732 1400 2970 1466 μουπίων
3013 1391 3372 1453 καλλωπίζειν
3406 1391 3491 1443 di-

1931 1503 2080 1547 cunt.
2132 1494 2195 1547 Et
2231 1502 2290 1547 ut
2342 1492 2432 1545 hic
2494 1491 2659 1542 babes
2716 1488 3040 1556 ὑποδήματα.
3081 1484 3373 1551 μουζάκια,
3418 1481 3497 1532 sic

1929 1586 2065 1653 apud
2092 1585 2413 1639 Trebellium
2447 1582 2747 1635 Pollionem
2776 1580 2828 1632 in
2856 1576 3003 1632 Tetr.
3027 1576 3157 1630 Jun.
3187 1584 3271 1629 est
3299 1589 3495 1627 corona

1928 1678 2189 1744 picturata
2224 1677 2284 1727 de
2312 1690 2507 1727 musco.
2546 1672 2746 1726 (iners.

2002 1766 2143 1821 Ibid.
2162 1767 2326 1820 Mirus
2349 1766 2647 1819 tessellator
2676 1762 2958 1824 Meursius,
2979 1762 3070 1829 qui
3100 1759 3313 1813 musivo
3336 1771 3453 1825 oper
3469 1770 3500 1807 e

1866 1842 1902 1896 Β
1935 1860 2142 1913 calceos
2165 1858 2366 1911 allabre
2389 1856 2726 1924 compositos
2753 1855 2964 1906 vendit.
2993 1854 3058 1903 At
3081 1865 3188 1904 non
3224 1848 3499 1916 composi-

1937 1961 2038 2015 tos,
2066 1951 2270 2018 inquiet
2302 1950 2459 2009 alius,
2495 1947 2587 1999 sed
2625 1947 2797 2014 pictos
2831 1944 2989 2013 quasi
3025 1944 3086 1996 de
3134 1942 3352 2001 musivo,
3400 1954 3497 1990 ceu

1935 2042 2206 2111 punctulis
2236 2037 2656 2091 versicoloribus
2692 2036 3085 2090 interstinctos.
3137 2032 3355 2086 Rectius
3383 2045 3503 2083 om-

1932 2134 2062 2187 nino
2087 2132 2239 2185 fictos
2288 2130 2529 2183 dixisset.
2577 2128 2715 2193 Quid
2755 2129 2916 2196 igitur
2947 2127 3267 2195 ὑποδήματα
3302 2121 3503 2192 1.1.0qu-

1931 2224 2067 2277 xia?
2101 2223 2283 2276 Genus
2335 2220 2646 2273 Saracenici
2686 2218 3064 2279 calceamenti,
3096 2216 3254 2284 cujus
3299 2229 3430 2269 usus
3464 2229 3493 2265 a

1932 2315 2132 2368 Graecis
2203 2311 2519 2381 peregrinos
2574 2324 2753 2361 mores
2807 2307 2964 2361 facile
3022 2306 3359 2360 imitantibus
3383 2313 3503 2357 erat

1928 2406 2035 2475 jam
2058 2404 2251 2458 Codiui
2276 2413 2515 2471 tempore
2539 2401 2588 2454 in
2613 2401 2816 2455 curiam
2841 2399 2944 2452 (ΣΡ.
2964 2399 3226 2463 invectus,
3243 2396 3504 2465 crepidis-

1932 2513 2035 2565 que
2091 2497 2358 2549 tibialium
2394 2510 2543 2547 more
2596 2509 2695 2548 ceu
2742 2493 2908 2546 levior
2941 2507 3003 2546 ac
3044 2491 3258 2546 mollior
3282 2488 3503 2543 cothur-

1932 2604 2034 2641 nus
2057 2587 2447 2655 soletimmitti.
2487 2586 2657 2639 Cotta.

2004 2679 2088 2733 Ib.
2122 2680 2616 2746 Πτερνιστηρίων.
2653 2675 2814 2729 Forte
2871 2675 3150 2745 legendum
3183 2675 3506 2745 mepvzorfj-~

1934 2790 2063 2842 ρων,
2096 2787 2123 2823 a
2157 2780 2304 2825 recto
2340 2772 2693 2837 πτερνιττήρ.
2730 2768 2933 2821 Gutus.

2004 2862 2467 2933 [Πτερνιστηρίων
2499 2860 2777 2914 retinenda
2836 2861 3017 2920 lectio.
3049 2875 3148 2914 nec
3178 2859 3489 2926 πτερνιστής

1935 2975 2040 3025 ρων
2073 2955 2452 3009 substituenda
2487 2971 2499 3007 :
2537 2954 2773 3020 gaudent
2802 2953 2942 3006 enim
2975 2950 3145 3006 Graeci
3173 2950 3378 3004 neutris
3408 2950 3505 3002 Ιιιι-

1927 3046 2160 3113 jusmodi
2197 3062 2225 3099 a
2281 3045 2601 3099 masculinis
2653 3038 2931 3098 derivatis.
2986 3043 3076 3096 Sic
3107 3042 3291 3095 dicunt
3331 3041 3506 3108 φοίνι-

274 3126 378 3176 tior
417 3140 636 3179 sensum
672 3129 893 3180 allatqu
930 3131 1140 3198 probat,
1172 3135 1601 3203 confirmauitque
1625 3138 1675 3190 in
1715 3136 1828 3188 vul-
1856 3157 1899 3215 α
1941 3156 1953 3189 ι

1815 3163 1828 3176 -
1856 3157 1899 3215 α
1941 3152 2031 3196 χες
2053 3142 2105 3188 el
2136 3134 2391 3203 φοινικια,
2422 3137 2601 3203 χεῖρες
2618 3142 2668 3185 et
2694 3132 2879 3201 χέρια,
2908 3131 3065 3193 πόδες
3090 3138 3142 3184 et
3173 3129 3349 3192 πόδια,
3390 3138 3494 3187 elc.

272 3216 493 3282 garibus
543 3217 734 3271 lexicis
766 3218 1127 3288 Hieronymus
1185 3224 1487 3278 Germanus
1546 3238 1598 3282 et
1640 3228 1827 3284 Simon

275 3305 515 3370 Portius,
550 3311 640 3376 qui
688 3311 813 3365 licet
845 3314 1079 3382 κάρτζαι
1110 3320 1470 3373 communiori
1511 3324 1831 3388 pronuntia-

274 3399 405 3450 tioni
461 3400 727 3455 calamum
786 3416 1137 3473 exaequantes
1171 3411 1413 3463 scribant
1470 3414 1833 3479 (substituunt

270 3488 419 3540 cnim
453 3490 700 3544 hodierni
737 3510 764 3559 ρ
789 3497 900 3547 vice
929 3496 977 3558 λ,
1003 3507 1054 3549 et
1085 3493 1270 3566 ἧροεν,
1303 3515 1407 3553 non
1439 3496 1620 3568 ἦλθεν,
1654 3506 1833 3574 tippu-

279 3576 390 3641 ρόν,
432 3592 538 3629 non
575 3579 816 3648 ἁλμυρόν
844 3582 1167 3652 proferunt).
1204 3587 1323 3639 usui
1359 3599 1534 3639 tamen
1571 3598 1623 3640 et
1652 3593 1833 3642 sensui

273 3667 503 3731 reddita,
540 3669 624 3723 bic
660 3670 844 3724 Latina
879 3688 1013 3727 voce
1047 3675 1275 3738 tibialia,
1311 3677 1399 3730 ille
1445 3678 1625 3731 Italica
1668 3681 1833 3747 calze,

271 3763 509 3820 calcette.
543 3763 656 3815 suis
687 3763 904 3816 calculis
935 3775 1281 3820 attestantur.
1312 3767 1458 3820 Com
1494 3768 1508 3838 ]

347 3852 429 3906 Ib.
454 3854 717 3907 Διόολέα.
750 3852 1083 3909 Vocabulum
1122 3857 1223 3909 hoc
1254 3858 1535 3927 aliquoties
1568 3861 1706 3923 apud
1728 3860 1833 3913 Co-

273 3946 457 3999 dinum
486 3946 695 4014 legitur.
736 3946 985 4008 Δισολέος
1006 3948 1143 4000 idem
1166 3952 1307 4017 quod
1329 3950 1569 4012 διπλοῦς.
1603 3949 1705 4002 Pro
1729 3968 1837 4019 quo

277 4048 492 4090 veteres
521 4037 752 4101 δίϐολος,
806 4046 864 4091 ιιι
893 4038 1099 4101 6160),ος
1128 4040 1341 4108 χλαῖνα.
1374 4041 1590 4105 Junius,
1622 4043 1837 4095 διϐολέσ.

272 4129 614 4196 ὑποδήματα,
666 4130 843 4183 bilices
902 4132 1082 4194 calcei,
1116 4142 1169 4185 et
1200 4134 1460 4196 διϐολιος,
1482 4136 1631 4197 bilix,
1672 4136 1723 4188 id
1756 4144 1840 4189 est

276 4231 496 4272 ornatus
524 4221 746 4274 biralore
771 4223 912 4274 licio.
940 4223 1044 4276 Sed
1077 4231 1132 4275 ιιι
1165 4224 1250 4278 dic
1279 4226 1537 4287 διϐολέος.
1572 4244 1665 4281 seu
1698 4228 1838 4279 διδο-

272 4313 392 4373 λέα..
441 4314 652 4379 quoties
692 4314 831 4380 apud
864 4313 1128 4367 Codinnm
1194 4318 1455 4381 occurrit,
1506 4319 1640 4371 nihil
1691 4320 1833 4373 aliud

272 4417 394 4455 esse
420 4416 580 4468 quam
618 4403 813 4454 bicolor
835 4418 929 4455 seu
953 4404 1179 4471 duplicis
1214 4405 1426 4459 coloris.
1456 4405 1658 4461 Gners.

1936 3226 2131 3297 Gosn.]

2007 3318 2086 3370 Ib.
2135 3316 2273 3370 Sella
2340 3316 2463 3384 equi
2520 3316 2633 3370 sive
2681 3314 2995 3383 epbippium
3043 3312 3119 3383 (ν.
3175 3312 3496 3365 Meursium.

1939 3409 2135 3477 Com.)
2170 3426 2182 3473 ;
2226 3408 2559 3477 ἱδρομάχιον,
2614 3417 2667 3460 et
2699 3416 2907 3477 tegmen
2960 3405 3147 3460 sudori
3179 3402 3425 3459 cavendo
3448 3414 3501 3457 et

1941 3503 2007 3555 ab
2041 3502 2197 3567 equis
2233 3499 2487 3553 arcendo.
2525 3497 2727 3552 Gners.

2013 3592 2071 3654 P,
2121 3590 2206 3644 14.
2257 3588 2389 3661 [Cur
2436 3589 2706 3643 Meursius
2736 3588 3033 3656 stragulam
3085 3587 3339 3657 ephippia
3378 3586 3507 3640 sub-

1939 3692 2163 3736 stratam
2197 3682 2259 3734 ad
2299 3680 2693 3749 prohibendum
2734 3680 2859 3747 equi
2894 3678 3147 3733 sudorem
3182 3678 3241 3731 τὸ
3268 3678 3493 3747 ἱδρυμά-

1938 3791 2050 3841 χιον
2084 3781 2337 3840 exponat.
2366 3788 2469 3825 non
2498 3770 2687 3824 video:
2713 3771 2804 3838 qui
2840 3784 3072 3837 namque
3098 3769 3321 3837 depictas
3347 3771 3400 3822 in
3427 3784 3487 3821 ea

1937 3863 2264 3918 cﬂ‘ulsissent
2311 3862 2503 3931 aquila:
2531 3862 2552 3914 ?
2590 3860 2804 3915 Clarius
2838 3868 2984 3914 certe
3025 3862 3196 3915 nitent
3230 3861 3281 3914 in
3317 3861 3438 3915 aliis
3463 3878 3492 3916 e

1938 3956 2069 4009 sella
2107 3956 2465 4024 pendentibus
2507 3956 2868 4016 ornamentis,
2901 3969 3021 4022 qua:
3064 3955 3285 4021 propius
3334 3970 3500 4007 exsu-

1938 4050 2153 4102 dantem
2218 4062 2417 4115 equum
2461 4045 2733 4114 attingunt
2779 4053 2831 4097 et
2863 4044 2983 4112 ejus
3010 4051 3299 4111 extergunt
3334 4042 3503 4096 sudo-

1940 4157 2073 4194 rem.
2100 4137 2311 4207 Cum]

2011 4229 2343 4298 Margellium
2395 4227 2480 4281 bic
2535 4236 2617 4281 est
2647 4234 2986 4295 segmentum
3022 4224 3223 4278 diversi
3273 4224 3502 4283 coloris.

1938 4322 2082 4376 sellae
2125 4334 2253 4375 ante
2301 4330 2354 4374 ct
2377 4330 2521 4373 retro
2583 4320 2866 4373 insertum.
2920 4320 3077 4371 Errat
3109 4317 3324 4378 Junius,
3377 4331 3501 4369 cum

1939 4413 2099 4466 verba
2134 4412 2235 4466 ista
2262 4414 2357 4463 xui.
2391 4412 2470 4473 ei;
2500 4411 2567 4463 tit
2598 4411 2835 4479 τέσσαρα
2871 4402 3009 4477 ξιέρη
3042 4407 3277 4476 seiungit
3306 4422 3335 4460 a
3374 4421 3502 4475 pro-

348 4491 755 4563 Ibid.[At60)téa
802 4496 1013 4562 quoties
1063 4504 1310 4549 occurret
1366 4499 1504 4565 apud
1552 4497 1839 4563 Codinum,
1874 4494 1919 4551 ἰ)
1950 4505 2091 4558 xime
2123 4504 2571 4557 antecedentibus
2602 4519 2615 4566 ;
2648 4503 2826 4571 itaque
2848 4502 3031 4563 vi-rtit,
3066 4500 3147 4551 vcl
3183 4498 3361 4565 potius
3380 4513 3505 4566 per-

275 4599 379 4635 non
412 4598 517 4635 uno
540 4585 699 4637 modo
739 4585 993 4653 intellige,
1028 4587 1119 4639 sed
1151 4588 1427 4641 bit-olorem
1459 4600 1743 4655 vestem,v.
1782 4607 1833 4661 g.

274 4673 432 4740 cujus
477 4688 600 4738 pars
642 4675 813 4728 Inedia
853 4677 1048 4730 coloris
1085 4679 1265 4743 unius,
1285 4681 1505 4734 alterius
1529 4690 1611 4734 est
1646 4682 1834 4745 altera,

275 4765 491 4828 qualem
519 4767 835 4835 plerumque
861 4769 1069 4821 scabini
1086 4772 1296 4823 urbium
1319 4781 1513 4839 gerunt
1537 4772 1588 4825 in
1610 4772 1833 4837 Galliis;

277 4860 356 4909 vel
386 4856 542 4923 cujus
573 4873 785 4923 pannus
810 4861 1045 4913 exterior
1071 4861 1255 4929 hujus,
1288 4864 1585 4917 subductus
1611 4865 1835 4921 alterius

274 4958 357 5002 est
387 4948 584 5002 coloris
614 4968 629 5013 ;
673 4951 754 5003 vel
785 4966 907 5019 quae
929 4951 1144 5005 demum
1181 4955 1234 5006 in
1269 4956 1621 5008 versicolores
1647 4960 1833 5011 taenias

274 5050 357 5094 est
388 5049 556 5105 secta,
593 5048 646 5092 et
676 5056 737 5095 ex
763 5043 842 5095 eis
874 5041 1095 5098 fasciata
1130 5054 1183 5098 et
1217 5054 1488 5111 contexta,
1521 5061 1617 5115 pro
1644 5045 1836 5101 Helve-

272 5132 472 5180 tiorum
511 5142 677 5181 more.
710 5128 903 5199 Gosn.]

345 5216 810 5284 1ῡίά.Χρώματος
843 5220 1035 5285 ὀξέος,
1061 5223 1109 5275 id
1138 5232 1239 5286 est,
1269 5225 1638 5289 rubentissimi,
1661 5230 1833 5296 inquit

270 5307 507 5360 Junius:
553 5310 645 5372 ὀξύ
681 5312 822 5363 enim
870 5314 976 5365 vim
1022 5313 1333 5369 intendendi
1373 5320 1551 5372 habet.
1609 5322 1747 5373 Hinc
1782 5322 1831 5374 in

270 5399 461 5451 codice
485 5409 565 5453 est
593 5401 886 5464 ovalatta,
928 5419 1162 5471 purpura
1196 5411 1556 5475 exquisitioris
1590 5411 1828 5469 Iuntinis.

340 5488 504 5558 226
529 5487 695 5559 [Ibid.
729 5491 863 5545 Num
912 5497 1201 5549 czecutiunt
1241 5498 1433 5553 Junius
1468 5510 1520 5554 et
1550 5518 1830 5571 sequaces,

269 5578 362 5643 qui
397 5579 687 5633 discrimen
720 5581 856 5635 inter
885 5585 1093 5639 colores
1124 5603 1320 5655 ponere
1346 5596 1831 5658 nequeant?Alins

267 5678 353 5722 est
389 5670 530 5722 enim
581 5687 882 5739 purpureus
914 5677 991 5729 vel
1035 5686 1093 5729 nt
1136 5685 1587 5737 commentarium
1643 5689 1833 5741 scribit

273 5758 673 5815 rubetttissimus
707 5764 877 5829 color,
914 5763 1054 5821 alius
1082 5768 1363 5825 violaceus.
1398 5773 1474 5828 Ad
1506 5774 1825 5839 bapltiorurn

1945 4593 2125 4652 vertit,
2149 4593 2215 4645 ad
2242 4603 2469 4660 quatuor
2498 4608 2613 4645 vero
2646 4594 2812 4645 latera
2845 4590 3093 4659 sagmatis
3122 4589 3383 4642 sudatorii
3410 4589 3506 4640 Ita-

1945 4684 2063 4735 bem
2100 4685 2257 4735 etiam
2306 4694 2504 4736 textum
2532 4700 2558 4737 e
2588 4683 2894 4752 margaritis
2932 4689 3051 4733 ante
3089 4690 3136 4733 et
3184 4697 3316 4748 pone
3349 4722 3363 4743 ,
3396 4689 3503 4733 etc.

1942 4776 2145 4830 Gaers.

2013 4868 2154 4922 Ibid.
2230 4869 2594 4939 Κοπριτὸριον
2651 4883 2755 4922 vox
2805 4883 2949 4922 mere
2982 4866 3193 4930 Latina,
3243 4878 3506 4930 cooperto-

1943 4962 2097 5013 rium.
2140 4960 2341 5014 Plinius
2372 4961 2735 5026 cooperculum
2777 4960 2933 5014 dixit.
2971 4958 3127 5012 Errat
3175 4956 3385 5020 Junius,
3411 4955 3503 5021 qui

1944 5051 2324 5121 κοπριτούριον
2346 5050 2514 5103 edidit
2537 5052 2807 5119 vertitque
2834 5050 3166 5119 postilenam.
3202 5048 3315 5100 Viri
3339 5050 3503 5109 docti,

1943 5142 2118 5211 inquit
2139 5142 2497 5206 Glossarium,
2524 5152 2779 5208 putarunt
2806 5140 3186 5210 κοπριτούριον
3212 5155 3322 5193 esse
3356 5137 3504 5191 Cra:-

1942 5250 2058 5287 cam
2086 5250 2281 5297 vocem,
2319 5234 2468 5301 παρὰ
2491 5234 2587 5303 τῆς
2626 5234 2832 5302 κόπρου
2864 5234 2957 5285 καὶ
2980 5232 3167 5301 οὐρᾶς,
3196 5231 3283 5283 sed
3317 5230 3505 5282 analo-

1939 5326 2025 5393 gia
2063 5334 2313 5391 repugnat
2348 5338 2364 5375 :
2400 5333 2520 5377 tunc
2560 5326 2695 5377 enim
2732 5323 3087 5393 κοπριούριον
3118 5323 3265 5390 foret.
3316 5318 3507 5386 Itaque

1940 5431 2041 5467 non
2077 5424 2153 5467 est
2180 5415 2314 5482 quod
2347 5417 2720 5483 [imocaudittm
2748 5416 3157 5481 interpretentur
3207 5421 3255 5467 et
3286 5412 3501 5480 postile-

1940 5523 2060 5558 nam
2096 5523 2204 5559 esse
2234 5508 2430 5559 dicant.
2470 5507 2590 5559 Hinc
2627 5507 2833 5575 spicu'a
2863 5506 2915 5559 in
2938 5503 3159 5558 Junium
3186 5504 3392 5557 directe
3417 5503 3503 5554 di-

1940 5608 2084 5651 recta
2120 5608 2263 5659 sunt,
2325 5613 2350 5649 τι
2389 5597 2696 5665 profcssore
2732 5597 2979 5651 Leidensi
3028 5597 3078 5649 in
3136 5594 3496 5664 professorem

1939 5693 2064 5743 olitn
2089 5691 2419 5744 Leidensmn.
2448 5688 2646 5744 Gnsrs.

2011 5782 2297 5838 lMcursius
2344 5782 2741 5845 cuovcrtorium,
2774 5790 2824 5833 ct
2857 5797 2918 5834 ex
2944 5779 3114 5835 Plinio
3141 5778 3500 5844 coopercalum
