4252 6444
266 358 368 418 253

1314 356 1318 360 “
1359 344 1742 405 GliETSERl
1777 343 1868 399 ΕΤ
1906 340 2140 397 GOAlll
2188 336 2423 398 N0'l'.i-I.
3381 324 3485 386 2Ξὶ

253 473 495 539 άσκεπῆ,
522 467 621 537 qui
652 468 775 522 sine
808 466 917 520 ullo
951 467 1091 535 pileo
1128 464 1208 515 vel
1258 464 1450 529 capitis
1514 468 1825 528 legumento
1853 465 1899 521 Α
1931 473 1932 505 :

1811 465 1899 521 ιΑ
1931 471 2122 523 nuper,
2154 453 2452 522 χαλινάριει.
2493 449 2679 501 Ρλιιιρίυ
2717 457 2841 498 sunt
2877 462 2936 496 cx
2992 444 3279 496 immensi,
3333 452 3490 502 quem

251 564 299 613 in
359 561 563 629 palatio
620 568 890 613 versatur.
933 558 1089 617 Apud
1145 556 1431 607 nonnullos
1508 552 1812 604 Germanos

254 656 408 710 l’eler
460 655 693 723 (Petrus)
752 662 835 709 est
879 654 1230 715 Petermann;
1284 648 1374 702 ubi
1431 646 1667 713 adiectio
1726 643 1812 696 illa

250 760 409 799 mann
442 745 577 799 nillil
611 746 827 812 penitus
850 742 918 797 ad
954 741 1402 810 signiﬁcationem
1452 735 1660 803 adjicit,
1686 734 1813 801 quia

251 840 394 891 idem
430 851 655 904 pransus
684 835 935 902 estquod
969 833 1142 887 Peter.
1179 831 1342 885 Forte
1399 841 1577 881 autem
1634 827 1815 896 legen-

249 930 378 981 dum
404 927 741 980 ἀετοπούλων
770 927 1012 996 γέμουσι
1036 923 1303 994 ἐρυθρῶν,
1335 921 1531 974 Gusrs.

319 1017 459 1070 laid.
486 1016 675 1090 {Vocis
706 1017 879 1079 πῶλος
911 1014 1247 1071 adminiculo
1270 1012 1548 1066 nonnullis
1578 1009 1823 1063 diminu-

251 1109 377 1161 livis
424 1107 723 1162 formandis
800 1118 1029 1162 utuntur
1082 1106 1351 1168 hodierni,
1417 1106 1469 1157 in
1532 1106 1703 1155 locum
1773 1116 1818 1151 ω

251 1201 551 1253 Substitula
580 1216 645 1251 ou
682 1198 1037 1268 diphthongo,
1068 1209 1124 1250 ut
1157 1213 1330 1266 nuper
1366 1196 1424 1250 in
1444 1209 1574 1249 voce
1605 1208 1820 1258 πτερνι-

252 1291 537 1356 στόλωρον
560 1291 678 1344 vice
737 1288 1201 1356 πτερνιστόλιιῳον
1251 1286 1689 1339 animadvertere
1737 1279 1820 1333 fas

253 1379 372 1431 lttit.
435 1378 526 1433 Sic
573 1379 977 1447 κομητόπουλον
1024 1378 1324 1439 Cedrentts,
1384 1371 1820 1443 ὼρολοτόπουλον

251 1469 603 1524 doctissimus
650 1468 902 1533 Allatius,
961 1466 1388 1536 ἁρχοντόπουλον
1433 1466 1485 1519 in
1538 1463 1820 1531 sequenti-

255 1558 355 1611 bus
392 1558 632 1613 Codinus
664 1560 949 1627 scripsere,
980 1570 1036 1610 ut
1067 1558 1209 1626 ﬁlios
1247 1558 1470 1618 comitis,
1500 1556 1743 1621 exiguum
1771 1562 1825 1605 et

254 1649 681 1715 compendiosum
738 1650 1004 1713 diuraale,
1037 1664 1255 1716 puerum
1296 1646 1521 1700 nobilem
1554 1642 1823 1713 exprime-

257 1750 401 1793 rent.

329 1830 466 1883 Ibid.
499 1830 626 1882 Ἐπὶ
655 1828 927 1897 κεφαλῆς
962 1829 1045 1882 ἔτι
1094 1828 1233 1894 νέος
1269 1828 1375 1880 ὧν.
1437 1826 1573 1882 Vide
1626 1825 1821 1895 capitis
1856 1813 1895 1867 Β

259 1926 541 1991 sequentis
573 1933 755 1976 nolam
788 1924 1038 1992 primatu.
1074 1921 1273 1993 chi]

328 2011 499 2082 229
530 2014 668 2068 Ibid.
707 2015 1107 2084 Κασαλλικεὺῃ,
1136 2028 1235 2065 vox
1284 2028 1311 2065 a
1364 2012 1563 2065 Latino
1592 2009 1830 2062 caballus

261 2107 405 2171 ricta,
434 2107 685 2171 frequens
714 2106 764 2159 in
791 2109 890 2159 boc
916 2117 1102 2173 opere.
1143 2104 1368 2157 Additur
1388 2101 1695 2169 explicatio.
1720 2101 1831 2167 ἠως

260 2200 492 2271 ἱππεύῃ,
519 2200 708 2267 quales
732 2200 1080 2250 barbararum
1103 2196 1403 2249 dictionum
1443 2192 1835 2260 explicationes

259 2294 445 2347 multa:
492 2300 788 2346 occurrunt
813 2292 866 2345 in
891 2291 1139 2353 Codino;
1178 2296 1239 2339 ut
1262 2287 1425 2353 paulo
1469 2292 1593 2338 ante
1619 2286 1835 2351 κὰμπος

258 2386 372 2455 ἠως
419 2384 620 2437 πεδίον.
648 2382 757 2436 Nec
788 2383 905 2435 scio
944 2396 1074 2434 num
1107 2382 1219 2433 sint
1257 2379 1324 2431 ab
1361 2389 1587 2431 auctore
1614 2390 1684 2429 an
1717 2389 1743 2426 a
1768 2372 1837 2427 li-

261 2475 483 2530 brariis.
530 2476 676 2536 Ἥως
705 2471 1026 2527 recentioris
1053 2470 1276 2524 Gracia
1306 2467 1563 2523 ﬂosculus
1592 2474 1696 2527 est,
1740 2480 1837 2534 pro

259 2570 313 2637 ἦ.
338 2569 537 2623 Primis
562 2567 739 2622 verbis
761 2564 1151 2633 lmjttsuumeri
1196 2561 1334 2615 forte
1354 2561 1533 2629 aptior
1571 2560 1837 2626 scriptura

262 2672 408 2713 esset
441 2678 454 2713 :
486 2658 711 2722 Πεζεύει
741 2660 770 2710 ὁ
805 2659 1089 2725 δεσπότης,
1124 2656 1179 2706 ὲν
1209 2648 1251 2721 ᾧ
1285 2656 1349 2708 ἂν
1372 2653 1517 2723 τύπῳ
1548 2650 1839 2722 προστάξει

260 2749 421 2799 τοῦτο
454 2750 480 2799 ὁ
517 2747 786 2814 βασιλεύς.
818 2746 1026 2801 GBETS.

336 2838 420 2893 Ib.
446 2838 838 2905 Σκαράνιχον.
866 2837 1060 2890 .luuius
1076 2836 1273 2906 pallam
1305 2836 1465 2888 vertit
1487 2835 1568 2887 vel
1591 2835 1767 2886 laxam
1794 2844 1841 2886 et

262 2933 510 2999 ﬂuentem
560 2940 770 2998 togam;
798 2929 1024 2998 ejusque
1054 2928 1301 2980 vocabuli
1328 2927 1535 2979 natalia
1584 2925 1650 2979 ab
1678 2925 1838 2993 Assy-

266 3021 362 3074 riis
395 3022 610 3087 repetit.
677 3017 785 3087 Ego
816 3032 1009 3070 nomen
1061 3016 1309 3069 Graecum
1342 3013 1679 3069 retinendum
1712 3029 1841 3066 cett-

1922 559 2088 601 tlttttct
2121 561 2423 605 recenseas,
2460 540 2929 607 ntttnero.Gosrt.j

1991 640 2071 695 1b.
2101 637 2451 695 Καῖϐἀὸιον.
2486 634 2758 685 Scribilut-
2786 632 2944 683 etiam
2976 626 3267 694 καὸὁάδης,
3298 621 3503 674 καϐϐα-

1915 734 2105 794 δίκιον,
2139 727 2424 782 κειῦϐἀδιν.
2458 727 2652 781 Junius
2710 726 3099 789 interpretatur
3134 719 3364 768 tunicam
3404 713 3495 764 lto-

1920 835 2159 877 uoralum
2196 832 2243 875 et
2266 838 2474 887 puram.
2510 819 2611 873 Sezl
2639 819 2889 871 (il‘a‘t‘lllll
2932 812 3281 865 retineamus.
3338 807 3499 859 Glos-

1920 916 2145 978 sarium,
2187 931 2235 967 ι’.
2269 914 2475 981 κάμόα,
2500 909 2932 965 (Ιίρὶίκιεὸάδιον
2965 919 3085 958 esse
3116 901 3500 953 diminutivum

1929 1023 1956 1060 a
1995 1007 2179 1073 κάμὸα
2224 1008 2306 1059 vel
2340 1007 2557 1060 κὰὄεαι
2594 1012 2889 1067 utrumque
2918 998 3063 1051 enim
3111 992 3315 1047 Grmcis
3345 1005 3505 1043 usur-

1925 1102 2059 1170 pari,
2090 1103 2230 1155 sicut
2271 1099 2608 1169 μαμπίιριον,
2644 1106 2696 1147 et
2721 1093 3059 1162 μαππὰριον,
3093 1087 3420 1153 ταμττάρισν.
3454 1093 3508 1134 et

1920 1195 2250 1262 ταπττάριον.
2279 1191 2439 1243 Forte.
2466 1189 2677 1241 litllthlll
2721 1184 2940 1236 exsistet
2972 1183 3063 1248 qui
3093 1195 3119 1230 ιι
3148 1176 3388 1231 Cubbade
3419 1187 3507 1225 re-

1926 1300 1988 1351 ge
2025 1284 2314 1337 Persarum
2349 1284 2613 1349 originem
2668 1276 2761 1328 τοῦ
2829 1272 3123 1325 καεὸαδίου
3180 1277 3344 1335 petat.
3384 1280 3505 1315 cn-n

1923 1373 2254 1425 xaranicum
2286 1372 2595 1422 cabbadium
2632 1379 2681 1421 et
2712 1364 3034 1434 pltaceolt'um
3076 1360 3143 1412 ab
3173 1356 3415 1424 Assyriis
3444 1367 3471 1404 a
3497 1354 3507 1402 l

1924 1462 2146 1516 Graecos
2172 1465 2441 1523 venerint,
2473 1472 2523 1513 ut
2559 1463 2695 1512 inl'ra
2728 1475 2790 1510 ex
2818 1444 3029 1509 Codiuo
3058 1454 3336 1505 discemus
3362 1461 3413 1499 c.
3439 1444 3471 1498 6
3498 1462 3510 1503 ;

1926 1554 2211 1623 probabile
2242 1564 2326 1609 est
2377 1552 2599 1605 formari
2656 1548 2949 1600 xa66i620v
3005 1560 3032 1595 a
3088 1542 3281 1595 Latino
3321 1551 3506 1601 cappa.

1928 1640 2071 1694 Infra
2104 1641 2234 1710 quid
2259 1641 2331 1695 sit
2357 1639 2649 1691 καδϐἀδιον
2685 1636 2995 1704 explicatur
3025 1630 3211 1685 addita
3246 1627 3346 1678 Itac
3387 1638 3499 1674 exc-

1928 1733 2040 1800 gesi
2062 1732 2485 1799 κισόάδιονῆως
2509 1734 2566 1782 τὺ
2590 1732 2772 1781 ἐπάνω
2795 1727 2996 1793 ἔνδυμα
3028 1725 3267 1774 πάντων.
3301 1716 3512 1769 Gners.

2009 1823 2295 1895 [(Jccnrret
2320 1838 2712 1888 nonnunquam
2742 1834 2852 1872 uno
2877 1818 2903 1885 β
2931 1808 3511 1871 ηιὶιιιιιιιιη,κσι6άδιον.

1934 1917 2013 1969 vel
2046 1917 2207 1969 etiam
2233 1926 2476 1969 extrema
2527 1912 2729 1982 syllaba
2796 1925 2893 1977 pro
2926 1911 3189 1969 corrupto
3252 1898 3511 1965 loquendi

1936 2024 2037 2060 usu
2073 2017 2408 2067 truncatum,
2437 2004 2651 2057 καῦάδι.
2684 2002 2822 2067 Quid
2857 2000 2927 2054 sit
2960 1995 3181 2064 exponit
3216 1992 3429 2045 Portius
3459 1991 3511 2038 in

1936 2098 2133 2153 Lexicn
2160 2114 2174 2151 :
2200 2098 2396 2150 κσὸάδι
2421 2096 2672 2163 τήϐεννα,
2704 2094 2982 2161 τὴὀεννος,
3011 2088 3198 2149 σάγος.
3231 2082 3510 2149 Duplicetn

1937 2189 1988 2241 in
2026 2189 2278 2242 l'amiliari
2310 2202 2561 2242 sermone
2585 2184 2870 2238 observavi
2899 2182 3163 2238 tunicam,
3192 2175 3510 2227 interiorem

1935 2296 1987 2339 et
2012 2295 2315 2338 externam.
2347 2278 2508 2349 230
2533 2279 2620 2330 Illa
2651 2278 2865 2329 brevior
2902 2282 2984 2326 est
3032 2280 3084 2323 et
3114 2283 3269 2323 suras
3302 2265 3510 2320 lambit.

1944 2374 2154 2430 sinibus
2183 2381 2333 2425 caret
2376 2381 2429 2424 et
2456 2370 2638 2436 plicis,
2671 2367 2843 2437 globis
2893 2378 2989 2417 sua
3025 2361 3168 2415 mole
3202 2357 3409 2423 conspii
3431 2356 3513 2405 uis

1938 2466 2225 2533 colligatur
2257 2466 2321 2516 ad
2363 2465 2531 2514 imum
2569 2475 2745 2527 usque
2784 2465 2997 2525 pectus,
3050 2467 3248 2520 corpus
3316 2448 3520 2503 aStrin-

1940 2558 2036 2625 git,
2077 2564 2130 2608 et
2157 2568 2290 2606 zona
2345 2551 2717 2621 praecingitur,
2770 2548 2872 2601 sub
2910 2560 3014 2615 qua
3063 2558 3284 2596 crurum
3340 2549 3519 2592 multis

1943 2648 2137 2701 limbus
2159 2646 2271 2699 oris
2302 2643 2654 2697 interioribus
2697 2650 2913 2694 assutos
2941 2649 2994 2690 et
3022 2635 3323 2690 subductus
3348 2632 3521 2683 mani-

1943 2741 2118 2793 fastat.
2155 2737 2278 2790 Haec
2308 2735 2465 2805 (quae
2493 2737 2817 2801 axzpivmov
2861 2731 2981 2793 est}
3030 2728 3241 2794 longior
3273 2724 3339 2777 ad
3384 2723 3519 2773 talos

1942 2831 2145 2887 deﬂuit.
2184 2839 2370 2897 aperta
2425 2829 2630 2896 geritur
2673 2835 2726 2878 et
2785 2822 3002 2888 cingulo
3051 2820 3244 2876 libera,
3298 2818 3519 2868 sinuosa

1945 2930 2185 2986 nonest,
2216 2924 2395 2993 priore
2425 2918 2818 2986 licetamplior;
2855 2915 2999 2969 unde
3026 2922 3079 2967 ct
3120 2911 3407 2965 latioribus
3438 2925 3523 2960 γρ-

1946 3017 2153 3081 ctisque
2186 3013 2439 3077 manicis,
2474 3012 2517 3064 si
2548 3010 2907 3078 expandatnr,
2950 3007 3134 3059 cruris
3168 3005 3394 3056 formant
3428 3018 3522 3052 ox-

266 3126 383 3171 seo,
418 3119 524 3163 tam
559 3109 646 3162 llic
683 3124 841 3175 quam
903 3106 1054 3167 alibi,
1092 3115 1197 3159 tam
1238 3106 1289 3157 iu
1345 3105 1427 3158 liis
1457 3120 1616 3172 quam
1646 3105 1699 3157 in
1723 3103 1842 3156 aliis
1871 3134 1913 3190 ρ
1948 3109 2133 3162 bibet:
2165 3122 2270 3175 qua
2299 3107 2367 3159 de
2401 3119 2563 3159 caus-.i
2601 3101 2948 3156 sacerdotum
2983 3098 3244 3159 tunicam,
3297 3111 3391 3147 seu
3437 3109 3523 3144 se-

268 3200 322 3253 id
356 3215 525 3267 genus
559 3198 858 3259 vocabulis,
897 3198 1116 3265 quando
1166 3197 1373 3249 nullum
1430 3195 1678 3249 Latinum
1713 3210 1841 3264 sup-

268 3297 401 3361 pctit
438 3290 579 3356 quod
620 3290 723 3342 vim
782 3290 914 3343 satis
959 3289 1242 3357 exprimat.
1297 3288 1454 3341 Forte
1506 3288 1835 3340 scarauicum

267 3391 352 3435 est
378 3395 408 3434 a
439 3379 627 3444 Sarra,
652 3379 752 3433 hoc
777 3392 860 3434 est
891 3377 1050 3442 Tyro.
1088 3377 1363 3445 Sidonius,
1399 3378 1565 3437 vm.6
1591 3396 1602 3430 :
1646 3377 1839 3431 Sarra-

271 3473 351 3523 nis
374 3471 515 3523 ebria
542 3470 699 3537 fucis.
730 3467 830 3523 Ubi
858 3468 1062 3522 Savaro
1089 3487 1101 3522 :
1130 3469 1406 3533 Sarranis,
1441 3470 1494 3521 id
1524 3479 1605 3522 est
1626 3468 1833 3537 Tyriis:

272 3559 447 3628 Tyrus
494 3561 637 3613 enim
693 3560 864 3613 insula
922 3561 1073 3627 prius
1106 3559 1272 3613 Sarra
1304 3561 1465 3614 dicta.
1524 3559 1742 3614 Servius
1787 3572 1838 3614 et

272 3652 416 3705 Festi
450 3650 835 3716 Epitomastes.
863 3648 1014 3703 Unde
1037 3648 1331 3703 Sarranum
1354 3662 1553 3703 ostrum
1589 3650 1831 3718 Virgilio.

274 3743 379 3798 Sed
412 3757 479 3795 en
512 3743 715 3794 fulmen
748 3758 777 3794 a
811 3741 1091 3795 Glossario
1118 3743 1364 3795 litat-ob.
1398 3744 1549 3807 Apud
1578 3742 1836 3793 Cadmum

273 3835 409 3887 male
462 3850 662 3899 semper
710 3834 1035 3901 σκαράνικον
1084 3835 1326 3900 legitur:
1383 3835 1596 3884 restitue
1651 3834 1836 3901 ubique

274 3925 688 3991 σκαράμαγκον.
730 3922 1190 3990 Obtempcrarem,
1227 3924 1327 3975 nisi
1360 3938 1661 3977 consensus
1702 3939 1835 3977 mss.

272 4016 519 4067 codicum
554 4028 639 4065 me
665 4015 997 4066 retraheret:
1037 4027 1158 4063 nam
1194 4026 1365 4078 neque
1408 4011 1601 4064 Junius
1639 4013 1690 4065 in
1724 4015 1837 4067 suis

274 4120 448 4180 neque
480 4120 579 4173 ego
613 4104 664 4155 in
699 4103 971 4155 Bavaricis
1000 4112 1050 4155 et
1079 4100 1443 4154 Lautberiauo
1495 4104 1595 4155 hoc
1634 4106 1837 4171 σκαρά-

274 4214 486 4266 μαγκον
517 4197 837 4262 reperimus.
870 4193 1109 4260 Uterque
1135 4194 1427 4246 Bavaricus
1468 4196 1681 4262 praefert
1720 4198 1838 4263 qui-

270 4291 391 4341 dcm
430 4290 736 4352 σκιράνιον,
774 4286 913 4340 facili
962 4286 1109 4353 lapsu
1160 4286 1370 4339 librarii
1406 4304 1438 4337 κ
1486 4287 1787 4342 omittentis
1820 4307 1831 4340 :

271 4379 366 4432 sed
405 4377 532 4443 qttid
569 4378 859 4445 σκαράνιον
890 4378 956 4430 ad
990 4378 1423 4445 σκαράμαγκονῖ
1452 4376 1655 4433 Gnsrs.

1948 3202 2214 3256 notoriam
2266 3206 2319 3253 et
2374 3213 2657 3267 procorum
2709 3193 3011 3264 propriam,
3072 3190 3252 3243 laudat
3303 3188 3522 3238 Simeuu

1945 3289 2345 3344 Thessalonica:
2376 3288 2663 3353 episcopus
2688 3282 2780 3335 lib.
2813 3280 2885 3333 De
2906 3278 3149 3331 Sacram.
3174 3294 3185 3327 :
3206 3274 3445 3339 Σταυροῦ
3469 3273 3523 3324 δὲ

1943 3383 2111 3436 τύπον
2129 3383 2312 3448 ἐπέχει
2335 3379 2411 3447 τῷ
2436 3378 2598 3445 μήκει
2624 3375 2713 3427 καὶ
2736 3376 2841 3427 τοῖς
2874 3371 3167 3440 parteiam.
3230 3366 3409 3419 Ταῦτα
3436 3363 3525 3415 οὖν

1942 3474 2007 3526 τὰ
2042 3472 2230 3539 ἱμάτια.
2265 3470 2416 3522 κοινὰ
2448 3470 2598 3526 πᾶσι,
2645 3470 2756 3529 ita",
2794 3464 2868 3525 ὡς
2904 3462 3090 3529 φασὶν,
3124 3463 3187 3511 ὲκ
3239 3455 3524 3526 βασιλικῆς

1942 3567 2169 3633 δωρεᾶς,
2203 3565 2281 3625 εἰς
2311 3562 2477 3629 τιμὴν
2512 3559 2836 3627 ἱερωσύνης,
2892 3556 2974 3607 ὅτι
3022 3553 3116 3605 καὶ
3166 3547 3522 3617 συγκλητικοὶ

1941 3658 2112 3709 ταῦτα
2140 3654 2432 3707 ἐνδύονται.
2470 3652 2701 3703 Primam
2736 3664 2853 3717 qua:
2902 3646 3102 3707 milites
3135 3644 3291 3697 decet
3343 3640 3525 3691 laudat

1943 3747 2165 3800 Tzetzes
2193 3746 2427 3798 illiiliad.
2464 3742 2533 3794 ἓξ
2569 3741 2829 3808 Ἔςοημσ.
2863 3738 3131 3791 ἐνυάλιον,
3177 3730 3527 3801 στρατιωτῶν

1942 3843 1999 3891 τὸ
2016 3834 2348 3905 εἷμα,”οπερ
2377 3835 2613 3901 ualidam
2632 3832 2848 3897 λέγεται
2876 3830 2981 3881 ἀπὸ
3001 3827 3253 3880 Καὸἅδου
3286 3824 3523 3889 Πέρσου.

1944 3932 2145 3983 Verum
2178 3930 2231 3982 in
2273 3928 2529 3980 cabadem
2564 3925 2705 3977 hunc
2729 3923 3035 3976 “urbanum
3080 3932 3267 3984 sagum
3296 3916 3526 3980 degene-

1945 4038 2093 4076 rasse
2124 4032 2370 4074 autumo.
2406 4020 2484 4071 Ab
2520 4016 2754 4085 Assyriis
2788 4014 2850 4068 ad
2900 4012 3107 4065 curiam
3170 4007 3291 4059 Cl".
3318 4006 3526 4056 transi-

1945 4114 2050 4166 isse
2090 4111 2290 4165 scribet
2326 4118 2511 4161 auctor
2554 4106 2781 4157 inferius
2817 4118 2865 4155 c.
2905 4102 2937 4153 6
2989 4102 3052 4153 ad
3101 4099 3337 4157 calcem;
3381 4095 3521 4159 quod

1942 4203 2009 4255 de
2047 4212 2293 4266 externo,
2330 4214 2426 4252 cett
2463 4213 2490 4250 a
2524 4195 2783 4248 Romanis
2830 4193 3020 4247 usibus
3060 4190 3260 4249 alieno,
3318 4186 3519 4237 dictum

1943 4294 2136 4346 lubens
2168 4290 2507 4359 amplector:
2546 4306 2573 4339 ιι
2614 4301 2780 4352 cappa
2819 4298 2947 4334 vero
2977 4281 3141 4349 (quod
3175 4278 3263 4330 alii
3297 4278 3525 4329 cntum;-

1943 4381 2274 4447 niscuntur),
2311 4381 2538 4432 barbara
2582 4378 2898 4431 Latinorum
2934 4386 3067 4425 voce
3116 4378 3511 4436 nuncupatum,

345 4469 764 4540 [Σκαράνικον.
805 4471 937 4521 Cum
975 4470 1060 4521 de
1093 4469 1183 4519 illo
1228 4467 1562 4537 frequentior
1594 4480 1845 4525 occurret
1878 4475 1918 4528 D
1948 4492 1978 4530 a
2008 4475 2024 4529 l

1844 4512 1845 4521 η
1878 4475 1918 4528 D
1948 4492 1978 4530 a
2008 4475 2179 4529 lanna
2212 4472 2480 4542 siquidem
2510 4471 2786 4532 abhorret,
2812 4481 2879 4519 nc
2913 4465 3081 4517 risum
3133 4470 3364 4520 moveat,
3402 4458 3523 4510 nul-

271 4577 475 4621 srrmo.
519 4561 860 4614 commodius
892 4562 1032 4612 lnlra
1079 4560 1464 4614 declarabitur.
1516 4560 1651 4615 Vide
1701 4564 1841 4617 inte-

271 4655 373 4706 rim
410 4662 655 4718 quartam
708 4652 774 4705 ab
829 4652 928 4703 liae
959 4660 1163 4710 notam,
1191 4654 1276 4704 cui
1312 4652 1499 4704 titulus
1533 4652 1840 4708 καϐὁάδιον.

344 4742 481 4795 Ibid.
511 4740 965 4812 [Χρυσοχοϊκόν.
987 4741 1216 4795 Sensum
1246 4744 1494 4810 percipe:
1520 4758 1616 4796 nec
1652 4744 1843 4797 illitum

272 4837 457 4895 modo,
502 4834 599 4887 sed
639 4842 694 4888 et
731 4848 865 4887 auro
892 4832 1064 4887 solido
1094 4834 1342 4887 conﬂatis
1370 4834 1667 4889 monilibus
1696 4850 1847 4889 asse-

274 4943 359 4980 rcs
391 4926 782 4981 circumfusum
810 4936 863 4980 et
886 4928 1207 4982 distinctum
1228 4927 1467 4996 despotze
1492 4930 1840 4996 oxapdvtxov:

272 5020 492 5087 itea'tpta
528 5033 776 5084 namque,
813 5020 907 5087 qui
940 5036 1046 5073 non
1079 5019 1330 5084 uniones,
1373 5020 1467 5074 sed
1500 5021 1666 5089 lapilli
1715 5029 1843 5073 sunt

273 5112 521 5179 pretiosi,
547 5111 766 5165 nonnisi
788 5126 948 5179 opere
973 5112 1143 5167 solide
1166 5122 1443 5176 concreto,
1470 5114 1626 5177 cujus
1651 5129 1847 5180 χρυσο-

272 5209 397 5273 χόος
444 5213 531 5256 est
605 5213 816 5266 auctor,
871 5204 1072 5257 includi
1120 5215 1349 5272 possunt
1386 5214 1438 5258 et
1484 5205 1735 5270 detineri,
1782 5220 1845 5259 ac

272 5297 493 5348 demum
524 5304 764 5348 externa:
817 5295 976 5357 vesti,
1011 5295 1188 5361 qualis
1223 5296 1551 5364 σκαράνικον
1601 5307 1705 5354 est.
1751 5313 1846 5365 per

272 5386 424 5439 varia
459 5386 631 5453 spatia
660 5385 897 5455 respergi
924 5397 977 5439 et
1009 5385 1221 5440 consui.
1254 5384 1719 5456 Sandionysiacus
1748 5404 1845 5442 co-

271 5478 377 5531 dex
413 5476 707 5544 palmarem
747 5475 967 5537 limbutn
998 5478 1227 5545 gemmis
1258 5485 1312 5529 et
1344 5477 1563 5545 lapillis,
1593 5492 1651 5531 ut
1682 5493 1845 5547 appa-

273 5574 377 5627 ret,
402 5567 613 5618 varium
639 5565 756 5647 ejus
784 5566 917 5619 vesti
944 5567 1211 5636 appingit.

345 5654 483 5708 Ibid.
521 5655 807 5726 [Λιθάρια.
838 5654 970 5709 Vide
1015 5659 1405 5723 degenerantes
1450 5658 1503 5713 in
1538 5660 1840 5717 barbariem

272 5761 440 5800 voces
474 5746 593 5811 llas,
648 5747 885 5816 λιθάρια,
943 5752 1374 5819 μαργαριτάρια,
1410 5763 1484 5816 et,
1529 5753 1594 5807 de
1644 5755 1843 5823 quibus

1944 4568 2031 4621 ius
2064 4566 2310 4619 afﬁrmet.
2337 4560 2534 4631 Cosm]

2016 4657 2322 4711 Καΰὸάδιον
2358 4655 2597 4722 despotic
2626 4661 2707 4705 est
2737 4650 2849 4713 ὀξύ.
2885 4649 2951 4704 Ut
2974 4646 3241 4713 intelligas
3274 4642 3402 4712 quid
3453 4643 3526 4695 sit

1948 4748 2097 4802 color
2129 4745 2274 4809 ὀξὺς.
2303 4746 2426 4798 audi
2461 4744 2587 4812 quid
2617 4742 2972 4797 Casaubonus
3003 4753 3065 4791 ex
3102 4736 3359 4789 Turnebo
3393 4733 3526 4786 scri-

1947 4838 2038 4892 bat
2076 4838 2143 4891 ad
2192 4836 2323 4890 illud
2385 4834 2634 4888 Trebellii
2690 4830 3002 4885 Pollionis:
3038 4826 3355 4894 Chlamyder
3410 4824 3518 4874 veri

1947 4931 2157 4983 luniinis
2191 4930 2440 4981 (imbutas
2478 4927 2633 4980 duas.
2669 4922 2874 4977 Lumen
2904 4936 3010 4975 non
3046 4930 3132 4974 est
3177 4916 3379 4971 culmis
3430 4934 3523 4968 tto-

1947 5039 2093 5085 men,
2123 5023 2213 5076 sed
2241 5021 2489 5081 allectus,
2525 5022 2616 5086 qui
2645 5017 2893 5085 sequitur
2923 5015 3136 5067 colores
3170 5010 3521 5065 intcttsiores.

1945 5112 2253 5179 Purpuratu
2290 5111 2399 5164 veri
2432 5110 2656 5162 luminis
2678 5108 2910 5175 appellat
2942 5105 3146 5157 clarum
3172 5101 3525 5169 Lampridius

1947 5205 2001 5257 itt
2038 5203 2395 5268 Diadumene,
2432 5202 2484 5253 iit
2540 5201 2849 5253 Alexandro
2905 5196 3111 5249 Severo
3139 5195 3519 5247 clarissimam.

1949 5293 2217 5364 Vopiscus
2279 5295 2333 5347 in
2374 5293 2577 5347 Cariuo
2615 5293 2795 5346 lumen
2855 5303 3109 5357 purpura:
3140 5286 3375 5355 eleganti
3408 5299 3519 5337 ver,

1948 5391 2014 5439 bo
2049 5386 2338 5456 expressit,
2379 5400 2499 5438 cum
2555 5384 2722 5436 lineas
2764 5383 3012 5434 micantes
3064 5393 3304 5446 purpura
3357 5377 3518 5431 dixit.

1947 5475 2119 5532 Graeci
2156 5478 2248 5546 qui
2290 5478 2484 5547 purius
2517 5475 2676 5529 locuti
2702 5482 2849 5535 sunt,
2905 5471 3016 5524 reri
3058 5468 3281 5522 luminis
3310 5468 3524 5523 colores

1950 5571 2134 5624 dicunt
2169 5569 2331 5634 ὀξεῖς,
2357 5569 2632 5638 posterior
2669 5576 2801 5620 aztas
2852 5563 3160 5633 ἀληθινούς,
3199 5560 3340 5613 unde
3378 5561 3523 5612 obti—

1948 5663 2065 5713 nuit
2097 5671 2154 5714 ιιι
2187 5661 2413 5727 ἀληθινὰ
2440 5659 2848 5729 appellarentur
2874 5657 3055 5709 omnia
3092 5664 3365 5721 purpurea
3396 5668 3519 5721 pro-

1949 5764 2065 5823 pter
2097 5757 2464 5824 prmslantiatu
2498 5754 2640 5810 sacri
2675 5752 2919 5807 muricis.
2952 5748 3106 5819 Apud
3135 5748 3511 5804 Balsatnoncnt
