4252 6444
768 388 876 451 Εἷοῇ

1875 402 1952 458 IN
2000 400 2305 461 LIBRUM
2339 401 2435 461 DE
2475 404 2801 465 OFFHZIIS
2840 409 2944 466 (ῘΡ.

3883 410 3980 473 ‘256

766 506 815 556 in
848 506 1164 560 Photianum
1204 508 1635 563 Nnntoc.i|i0ttetu
1675 513 1837 566 habes
1872 514 2095 581 ἀληθινὰ
2129 515 2324 579 ὑποδή-
2355 521 2395 573 Α
2431 538 2445 587 ε

2301 544 2324 554 -
2355 521 2395 573 Α
2431 522 2619 587 paveo;
2649 522 2820 583 color,
2862 523 2955 576 sed
2990 524 3223 589 medius,
3277 525 3372 594 qui
3407 525 3701 581 subvirulis
3729 535 3784 581 et
3844 542 3980 593 porri

768 616 930 665 ματα,
966 604 1314 653 ralrcamenta
1339 617 1600 669 purpurea
1632 619 1677 657 et
1719 610 1822 659 ueri
1852 608 2085 659 luminis.
2112 606 2177 659 de
2200 606 2323 674 qtti-

765 690 864 740 lms
895 688 1055 739 etiam
1090 688 1355 758 Corippns
1389 693 1531 745 land.
1568 695 1755 746 Justini
1797 713 1856 753 ιι,
1892 696 2011 750 104.
2048 695 2253 750 Gaz'rs.

831 777 889 831 P.
922 780 1005 833 ll.
1029 779 1253 851 [lterum
1278 783 1413 838 falso
1436 789 1535 839 reri
1553 789 1767 839 luminis
1797 790 1908 841 sive
1920 789 2324 856 splendidissimi

762 873 968 927 ruboris
1004 876 1125 931 fuco
1179 878 1346 933 dictio
1375 882 1496 944 ὀξύς
1538 884 1794 938 inﬁcitur.
1843 883 1992 939 itane
2018 904 2158 942 unus
2184 887 2323 941 dua-

759 980 877 1017 rum
916 964 1239 1035 dictionum,
1281 976 1476 1041 quasi]
1537 977 1798 1043 particula
1855 979 2182 1046 disiunctiva
2238 980 2322 1034 di-

759 1057 1062 1122 scriminat,
1104 1061 1375 1129 colligitur
1403 1068 1641 1121 sensus?
1669 1070 1760 1135 qui
1812 1070 2143 1137 pertinacius
2174 1086 2323 1125 asse-

762 1152 955 1212 ruerit,
999 1152 1207 1207 colores
1242 1155 1389 1223 ipsos
1446 1160 1717 1226 inspiriat.
1760 1162 1812 1215 lu
1862 1178 1961 1215 ms.
1998 1162 2199 1216 Tiliani
2255 1162 2321 1216 li-

761 1241 904 1295 mine
944 1243 1295 1311 imperatoris
1351 1250 1549 1319 efﬁgies
1594 1254 1816 1306 rubrum
1866 1265 2102 1308 ostentat
2155 1256 2322 1309 vesti-

761 1345 1023 1398 mentum,
1086 1338 1137 1390 in
1172 1339 1598 1411 Sandionysiaen
1650 1346 1966 1400 \iolareum.
2024 1347 2323 1416 Uti-obiqne

758 1425 999 1493 ejusdem
1056 1438 1135 1482 cst
1196 1432 1474 1501 principis,
1508 1433 1769 1490 Manuelis
1810 1437 2104 1493 nimirum:
2151 1440 2324 1495 viola-

760 1531 917 1569 ceum
954 1518 1131 1587 itaque
1161 1522 1303 1576 sicut
1333 1536 1386 1579 et
1418 1543 1746 1596 purpureum
1776 1530 1879 1585 sibi
1914 1532 2324 1601 assumitimpe-

761 1620 930 1664 rator.
1005 1612 1069 1664 At
1097 1614 1352 1683 despotm,
1387 1622 1450 1673 de
1488 1636 1596 1689 quo
1650 1638 1851 1685 sermo,
1884 1632 1937 1677 ct
1972 1623 2322 1693 imperatoris

759 1705 1064 1760 communis
1101 1718 1185 1761 est
1238 1710 1454 1763 caballis
1502 1722 1745 1775 ornatus,
1793 1716 1851 1767 τὸ
1906 1714 2097 1784 ροὖχον
2156 1716 2321 1769 αὐτοῦ

2433 610 2565 664 folio
2598 612 2816 673 similis.
2852 614 3106 681 prasinus
3132 625 3186 670 et
3217 615 3462 684 glaucus,
3490 627 3599 669 νινε
3633 618 3695 669 de
3744 630 3875 667 mer.
3913 614 3981 666 Ita

2433 718 2516 754 tne
2550 718 2685 757 usus
2712 714 2764 757 et
2790 718 2908 757 cum
2935 706 3230 774 baphiariis
3256 707 3456 762 Graecis
3490 706 3821 777 colloquium
3851 706 3976 759 edo.

2431 794 2563 846 cuit.
2599 792 2736 850 Hinc
2765 797 2889 866 quia
2932 797 2982 850 in
3018 808 3310 867 utrumque
3337 799 3594 862 declinat,
3630 798 3818 852 scribit
3873 810 3979 849 uno

2428 885 2546 940 loco
2573 887 2759 943 Simon
2815 888 3066 943 Portius:
3103 888 3332 944 Glaucus
3379 891 3664 959 πράτινος,
3727 884 3980 954 γλαυκός,

2428 977 2479 1030 in
2509 977 2616 1031 alio
2645 980 2898 1047 γιρανιδς
2933 980 3210 1049 (corrupta
3246 980 3618 1049 pronuntiatio
3671 988 3775 1040 est,
3819 977 3984 1044 ὴιρὰ-

2425 1087 2544 1134 νιος
2572 1072 2711 1136 vice)
2747 1071 2996 1136 κυάνεος,
3034 1073 3299 1139 vita-426;:
3332 1072 3541 1137 casias,
3573 1085 3819 1140 cyaneus,
3841 1083 3985 1123 rene-

2430 1174 2512 1219 tus
2540 1163 2703 1219 color.
2740 1164 2814 1220 De
2847 1166 3047 1237 glauco
3072 1176 3125 1222 et
3155 1167 3316 1223 casio
3342 1167 3526 1220 colore
3559 1165 3695 1218 ulvae
3727 1163 3984 1229 salici‘l“e

2425 1256 2685 1324 persimili
2744 1257 3015 1312 Antonius
3071 1259 3358 1329 Thylcsius
3414 1257 3618 1311 Lazaro
3673 1255 3836 1308 Baiﬁo
3894 1254 3983 1306 al-

2422 1347 2640 1415 ἰιιηοιιιε
2667 1365 2681 1409 ;
2712 1348 2780 1401 de
2820 1356 3036 1410 veneto,
3094 1364 3254 1416 quem
3310 1347 3599 1416 Hispanice
3634 1346 3782 1398 md:
3813 1345 3876 1396 de
3936 1344 3985 1395 la

2425 1454 2542 1490 mar
2579 1439 2819 1507 exponit,
2847 1439 3155 1507 Calepinns.

2495 1528 2578 1582 Ib.
2617 1528 2902 1600 [Γιμήσας
2954 1528 3528 1597 σεϐαστοκράτορας.
3590 1527 3661 1583 De
3698 1541 3807 1596 quo
3875 1526 3986 1594 ipse

2423 1623 2855 1690 Cantacuzonus,
2886 1639 2959 1689 tv,
2989 1626 3044 1679 5.

2496 1712 2579 1767 Ib.
2609 1713 2897 1786 [Ἔχοντα
2927 1715 3140 1781 ἀετοὺς
3169 1713 3634 1783 συρματεΐνους.
3656 1710 3839 1765 Talem
3884 1710 3950 1761 de

755 1794 944 1866 ὥσπερ
975 1800 1066 1851 καὶ
1100 1800 1155 1852 sb
1183 1800 1492 1869 βατιλικόνε
1545 1805 1615 1857 ita
1652 1822 1824 1875 nupcr
1854 1818 2063 1861 auctor.
2094 1806 2317 1863 Ioannis
2353 1846 2392 1901 Β
2425 1822 2434 1875 1

2304 1825 2317 1863 ς
2353 1846 2392 1901 Β
2425 1807 2595 1877 pingit
2656 1808 2943 1876 Gregoras,
2975 1824 3050 1871 tv,
3081 1808 3129 1868 1.
3166 1809 3218 1860 iu
3255 1806 3412 1869 cujus
3467 1805 3684 1865 κυανοῖς
3748 1801 3983 1863 πεδίλοις

754 1889 970 1960 ro'legac
992 1902 1183 1959 prater
1206 1895 1317 1949 haec
1343 1896 1561 1966 efﬁgies,
1594 1900 1732 1953 sicut
1756 1910 1809 1954 et
1834 1911 2054 1968 paterna
2095 1899 2311 1955 Manne-

753 1980 821 2033 lis
854 1981 1228 2051 imperatoris.
1256 1986 1341 2039 cui
1376 1996 1534 2051 astat,
1575 1990 1871 2045 violam-am
1895 2000 2097 2045 vestem
2128 1998 2317 2046 osten-

756 2081 829 2123 tat
860 2072 912 2123 in
937 2071 1149 2126 laudato
1183 2074 1239 2129 S.
1280 2075 1516 2145 Dionysii
1552 2093 1653 2132 ms.
1680 2078 1820 2147 Ergo
1849 2080 2083 2148 despotic
2109 2079 2317 2132 καϐϐά-

751 2162 861 2213 διον
891 2161 981 2225 ὀξῦ
1016 2163 1293 2235 ῆὲρνθρῦν
1320 2184 1329 2219 :
1365 2166 1624 2233 Cabades,
1657 2169 1901 2238 inquam,
1936 2170 2198 2224 violaceus
2223 2181 2316 2223 aut

752 2266 1071 2320 purpureus.

820 2344 904 2400 Ib.
941 2344 1080 2410 [Τοῦ
1134 2348 1428 2417 Καίσαρος
1459 2352 1557 2419 ἐπὶ
1604 2350 1720 2405 τῶν
1780 2352 1998 2419 ἑορτῶν
2045 2351 2315 2420 ζητεῖται.

755 2434 1043 2505 ηιιρθτὶιυτ
1080 2439 1168 2493 ille
1198 2440 1431 2496 Caesaris
1493 2442 1706 2500 habitus
1758 2459 1785 2494 a
1831 2444 2003 2499 Barda
2061 2446 2114 2499 in
2149 2444 2319 2514 publi-

752 2544 817 2581 co
873 2530 1214 2600 solemnique
1264 2548 1520 2602 processu
1562 2535 1628 2590 ad
1694 2536 1981 2591 ecclesiam
2039 2537 2127 2590 die
2179 2535 2316 2591 festo

754 2630 997 2685 gestatus
1024 2623 1163 2692 apud
1213 2624 1447 2679 Leonem
1483 2626 1913 2683 Grammaticum
1948 2629 2000 2683 in
2056 2628 2318 2684 Michaele

754 2710 1041 2783 Theophili
1073 2715 1158 2770 F.:
1185 2716 1358 2787 Bipba
1386 2718 1441 2771 δὶ
1478 2719 1570 2772 τοῦ
1623 2721 1899 2790 Καίσαρος
1930 2721 1987 2772 ὲν
2036 2723 2103 2789 τῇ
2156 2737 2317 2789 προι-

751 2806 931 2858 λεύσει
965 2806 1310 2877 διερχομένου
1343 2810 1484 2878 μετὰ
1547 2811 1964 2882 σκαριμαγγίου
1994 2811 2163 2875 ὀξέος.
2223 2811 2319 2866 Est

763 2912 891 2950 iero
924 2900 1338 2968 σκαραμάγγιον
1358 2901 1544 2955 tunica
1574 2901 1790 2957 Persica
1812 2916 1948 2957 auro
1976 2901 2196 2964 intexta,
2226 2915 2317 2956 ea-

753 2990 873 3042 dem
908 3004 1032 3045 cum
1071 2994 1375 3054 scaranico.
1409 2994 1471 3047 de
1504 3008 1612 3062 quo
1656 2992 1883 3049 inferius
1922 3002 2133 3049 auctor.
2166 2992 2317 3063 Sug-

754 3083 891 3149 gerit
946 3092 1227 3151 propterea
1259 3083 1456 3138 Caesari
1496 3084 1669 3139 eidem
1722 3085 2037 3140 Philotheus
2072 3086 2315 3141 amicus:

754 3172 973 3242 Δΰριον,
1009 3169 1052 3227 ὦ
1097 3175 1353 3237 δέσποτα.
1407 3176 1700 3245 πιριόαλοῦ
1743 3176 1832 3230 τὸν
1888 3174 2321 3247 χρυσοπιρσικόν
2349 3188 2391 3244 c

2426 1898 2520 1950 καὶ
2541 1913 2641 1964 χρυ
2651 1901 2863 1965 σοῠφιῐς
2887 1899 3242 1967 ἐνηρμόζοντο
3263 1898 3428 1951 ἀετοί.

2494 1986 2575 2041 Ib.
2606 1986 2734 2058 [Εἰς
2768 1988 2914 2056 ἀέρα
2935 1990 3242 2043 κόκκινον.
3261 1988 3338 2042 Ita
3372 1996 3428 2041 ιιι
3460 1986 3511 2040 in
3536 1985 3699 2055 plano
3729 1999 3825 2039 seu
3856 1996 3983 2037 scu-

2425 2078 2539 2132 tulo
2570 2077 2739 2131 rubeo
2769 2093 2946 2134 aureae
2968 2078 3195 2148 depicta
3228 2077 3404 2132 forent
3438 2077 3656 2144 aquilae.
3686 2090 3805 2142 quae
3835 2073 3985 2126 dein-

2423 2182 2552 2236 ceps
2580 2167 2783 2234 glaucis
2828 2166 3024 2221 calceis
3084 2176 3477 2229 assuerentur;
3542 2174 3596 2218 et
3648 2162 3815 2217 dictio
3869 2162 3981 2229 ἀήρ

2425 2259 2564 2314 idem
2594 2259 2681 2312 hic
2713 2257 2915 2312 indicet
2935 2256 3080 2327 quod
3116 2258 3169 2309 in
3194 2256 3573 2324 superioribus
3600 2255 3822 2323 κάμπος
3872 2253 3983 2321 ἠως

2424 2350 2633 2411 πεδίον,
2664 2348 2825 2413 panni
2858 2346 3283 2401 versicoloribus
3316 2343 3501 2414 ﬁguris
3532 2342 3768 2411 insigniti
3807 2341 3983 2407 plani-

2426 2442 2542 2504 ties,
2576 2440 2622 2493 le
2654 2439 2780 2508 [and
2825 2439 2981 2491 d‘unc
3033 2437 3267 2490 brodcrie
3311 2452 3376 2488 ou
3407 2434 3562 2487 d‘uus
3611 2432 3789 2498 esloﬁ'e
3818 2432 3849 2483 ὰ
3893 2446 3983 2483 ra-

2424 2547 2594 2599 mage.
2627 2545 2657 2584 a
2690 2530 2855 2598 figura
2887 2529 2941 2582 in
2979 2528 3249 2581 umbonem
3305 2525 3577 2580 desinente
3628 2522 3842 2592 penitus
3898 2520 3982 2573 di-

2426 2624 2642 2678 stincta.
2663 2617 2861 2692 Gosa.]

2496 2712 2578 2770 Ib.
2606 2712 2801 2769 Iunius
2831 2716 3025 2776 κῶνος,
3072 2726 3170 2781 ego
3220 2711 3423 2779 ὁμοίως
3481 2723 3544 2764 es
3606 2704 3818 2761 duobus
3873 2700 3977 2756 Ba-

2426 2808 2620 2863 varicis
2646 2807 2927 2862 codicibus
2953 2823 2967 2862 :
3004 2821 3123 2875 qua:
3155 2806 3420 2873 scriptura
3446 2816 3699 2872 germana
3730 2805 3837 2853 est.

2498 2898 2581 2953 Ib.
2616 2898 2963 2967 Χαρτάριον.
3042 2896 3291 2965 χαρτίον
3338 2895 3600 2949 scutulam
3641 2892 3981 2961 quadratum.

2424 2991 2618 3047 Junius
2645 2992 2800 3046 vertit
2836 2990 3153 3060 quadrarias
3181 2998 3424 3047 tesseras,
3458 2988 3639 3054 aitque
3666 2991 3980 3051 corruptum

2425 3099 2486 3138 ex
2522 3084 2705 3138 Italico
2734 3093 2787 3136 et
2812 3082 3021 3137 Gallico
3051 3082 3324 3146 quarliers.
3364 3078 3563 3132 (ἴητε.

2502 3174 2811 3246 [Χαρτάρια
2856 3171 3063 3228 scutala
3094 3185 3250 3239 posse
3303 3169 3410 3222 dici
3471 3166 3659 3235 probo,
3723 3162 3984 3232 quadrata

755 3279 850 3313 σου
880 3263 1214 3331 χιτωνίσκον,
1247 3266 1337 3317 καὶ
1370 3263 1563 3333 δφθητι
1605 3266 1716 3327 τοῖς
1765 3264 1979 3335 ὶχθροϊς
2031 3282 2145 3319 σου.
2187 3264 2319 3317 Ἀπὸ
2420 3268 2434 3336 j

2307 3279 2319 3317 δ
2420 3267 2619 3337 iugiter
2680 3266 2900 3319 inﬁtior.
2940 3264 3244 3333 Χαρτάριον
3296 3260 3439 3315 enim
3492 3260 3702 3313 brattea
3742 3265 3847 3317 est,
3910 3257 3986 3306 la-

754 3352 1045 3422 προσώπου
1080 3372 1169 3407 σου
1204 3356 1509 3423 φεύξονται.
1545 3355 1651 3409 Τοῦ
1684 3356 1836 3427 ἡλίου
1868 3356 1922 3409 δι
1945 3356 2322 3419 ἀνατείλαντος

756 3439 906 3513 ἵππῳ
933 3444 1123 3507 imbri;
1159 3445 1489 3513 παρεγίνετο
1522 3444 1655 3515 πρὸς
1677 3445 1773 3514 τὴν
1802 3446 1999 3517 κόρτην
2028 3444 2120 3498 τοῦ
2172 3444 2323 3514 βασι-

756 3535 888 3595 λέως
913 3534 1047 3601 μετὰ
1072 3534 1259 3603 στολῆς
1278 3534 1556 3605 λαμπρᾶς.
1598 3536 1793 3589 Vocem
1830 3537 1998 3607 κόρτη
2029 3537 2321 3591 tentorium

759 3626 846 3679 hic
887 3625 1126 3679 indicare
1157 3626 1650 3681 demonstrabimus
1676 3626 1826 3681 alibi.

826 3717 981 3786 231
1021 3716 1162 3771 Ibid.
1206 3716 1536 3789 [Γαμόρῶν.
1568 3716 1682 3771 Νοη
1741 3732 1954 3787 generos
2005 3716 2187 3777 modo.
2228 3716 2323 3772 sed

758 3822 811 3865 et
838 3810 1024 3864 lesiros
1058 3818 1110 3862 et
1143 3824 1367 3863 uxorum
1409 3808 1628 3877 fratres,
1664 3808 1756 3877 qui
1792 3818 1847 3861 ct
1880 3806 2234 3876 ἀνδράδιλφοι
2272 3815 2327 3861 et

761 3901 1210 3969 γυναικάδιλφοι,
1246 3900 1420 3955 Grzeci
1468 3910 1666 3954 vocant
1718 3897 2027 3967 γαμϐρούς.
2089 3897 2328 3951 Monitus

758 3990 926 4043 semel
958 4000 1207 4043 sexcenta
1249 3990 1482 4057 reperiet
1518 3987 1663 4057 apud
1694 4002 1885 4043 eorum
1942 3986 2234 4042 historicos
2273 3996 2326 4040 et

758 4080 1183 4149 iurisconsultos
1221 4080 1555 4133 testimonia.

830 4170 889 4224 P.
945 4171 1031 4225 15.
1063 4168 1567 4242 [Χρυσοκόκκινα.
1596 4170 1741 4224 Auro
1768 4168 2025 4223 nimirum
2053 4167 2329 4235 rubroque

760 4260 937 4313 Snriro
968 4262 1249 4324 distincta,
1283 4264 1397 4316 sive
1430 4259 1591 4315 simul
1619 4269 1763 4314 texta
1788 4260 1900 4314 sive
1930 4272 2030 4312 acu
2060 4256 2324 4327 pingente

759 4353 960 4406 addita.
982 4352 1176 4425 Gem]

831 4442 970 4496 Ibid.
1006 4442 1140 4498 Nnta
1175 4459 1370 4499 cruces
1425 4444 1476 4497 in
1512 4442 1668 4512 pileis
1714 4457 2035 4513 generorum
2089 4443 2322 4512 impera-

2425 3360 2593 3420 mina,
2636 3356 2900 3411 scutulam
2941 3367 3269 3425 quacunque
3330 3350 3498 3420 ﬁgura
3560 3346 3980 3405 conformatum,

2426 3449 2581 3503 alteri
2614 3449 2689 3501 rei
2719 3457 2946 3501 ornatus
2979 3460 3105 3515 ergo
3137 3439 3634 3512 superponendum.
3672 3434 3869 3505 Gosn.]

2498 3539 2709 3594 Charta:
2731 3538 2986 3607 plumbea
3020 3536 3161 3606 apud
3195 3533 3542 3588 Anastasium
3594 3530 3647 3581 in
3686 3527 3876 3597 Sergio
3931 3536 3985 3579 et

2426 3628 2687 3697 Gregorio
2712 3628 2777 3683 Ill
2809 3636 2936 3684 sunt
2985 3626 3176 3697 tegula:
3211 3624 3497 3694 plumbeae,
3527 3620 3725 3690 quibus
3757 3617 3983 3672 ediﬁria

2428 3727 2590 3773 tecta.
2612 3716 2801 3786 Itaque
2829 3716 2963 3777 nihil
2994 3715 3059 3769 ad
3085 3713 3382 3783 χαρτάριον
3416 3722 3470 3765 et
3495 3710 3716 3780 χαρτίον
3740 3715 3984 3762 nostrum

2428 3809 2605 3865 facere
2633 3808 2900 3864 videntur.
2932 3807 3050 3860 Mox
3095 3807 3212 3875 lego
3245 3821 3365 3859 cum
3409 3806 3532 3858 cod.
3578 3801 3739 3855 Boico
3783 3798 3988 3865 disiun-

2426 3906 2553 3959 ctim
2592 3902 2730 3970 μετὰ
2761 3900 2957 3970 ραφήν.
2988 3899 3044 3953 In
3087 3898 3256 3951 altero
3294 3904 3377 3950 est
3412 3893 3796 3963 καταγραφήν.
3830 3890 3988 3943 Forte

2430 3996 2518 4051 hic
2541 3995 2703 4049 etiam
2732 3992 3042 4061 disjunctim
3074 3990 3214 4042 κατὰ
3241 3987 3461 4059 γραφήν
3484 3982 3831 4039 scribendum
3863 3980 3984 4041 erit,

2430 4087 2473 4143 si
2500 4084 2634 4139 forte
2652 4083 2738 4139 cui
2762 4082 2931 4151 magis
2953 4081 3164 4150 placeat
3185 4080 3368 4148 γραφή
3392 4090 3554 4145 quam
3579 4074 3749 4142 ραφή.
3784 4070 3983 4123 Gaers.

2502 4178 2641 4232 Ibid.
2675 4176 2858 4252 [Κατὰ
2885 4172 3107 4242 pagatim
3141 4170 3324 4225 Lectio
3378 4176 3459 4222 tot
3488 4168 3539 4221 in
3592 4162 3989 4233 exemplaribus

2432 4271 2572 4325 inter
2598 4284 2659 4323 se
2687 4266 2899 4322 collatis
2923 4273 3133 4334 reperta
3164 4261 3441 4317 retinenda
3468 4277 3481 4312 :
3518 4257 3727 4313 suturis
3754 4266 3987 4319 namque

2430 4362 2578 4416 velut
2601 4359 2997 4416 deformitatem
3029 4369 3210 4410 secum
3241 4351 3543 4407 ferentibus
3601 4356 3832 4402 ornatus
3862 4342 3986 4396 addi

2432 4452 2733 4509 consuevit.

762 4533 1346 4603 toriorum,etquidem
1373 4505 1557 4587 nones
1583 4505 1947 4601 qualicunque
1965 4505 2207 4598 materia,
2227 4531 2321 4587 sed
2348 4505 2400 4566 D
2441 4505 2825 4615 Ibid.
2860 4535 3320 4611 [τετράστυλον.
3384 4530 3608 4584 Videtur
3651 4541 3771 4581 esse
3821 4537 3990 4615 augu-

760 4642 824 4680 ex
891 4627 1200 4694 margaritis
1223 4625 1519 4681 confectas.
1555 4624 1622 4679 Ut
1647 4625 1823 4694 placet
1852 4624 1939 4679 hic
1960 4640 2082 4680 mos
2113 4622 2323 4679 nostris
2426 4655 2439 4695 ι

2311 4638 2323 4679 ⁵
2426 4614 2562 4695 stius
2588 4644 2642 4689 et
2660 4630 2910 4689 ornatius
2942 4628 3157 4698 aliquod
3187 4620 3566 4693 fastigium,ad
3591 4618 3825 4685 aliquam
3856 4614 3990 4668 aula:

761 4719 1161 4773 stauromachis
1190 4718 1212 4772 l
1246 4718 1452 4773 Gal-:15.

2437 4727 2623 4798 palatii
2656 4733 2862 4793 partem
2908 4729 3146 4791 quatuor
3180 4714 3451 4771 columnis
3488 4712 3543 4765 in
3600 4706 3834 4798 sublime
3860 4718 3984 4758 ere-

846 4806 1071 4879 [Cruces
1096 4809 1341 4877 quinque
1366 4807 1584 4863 circiter
1614 4805 1842 4877 gemmis
1872 4804 2155 4871 conﬁatas,
2186 4816 2240 4863 et
2261 4807 2326 4863 ad
2420 4796 2595 4890 ctum,
2627 4816 2691 4869 ad
2719 4812 2889 4883 quod,
2920 4810 3011 4880 qui
3039 4810 3249 4879 equites
3288 4804 3465 4859 aulam
3497 4817 3562 4856 ex
3594 4796 3874 4869 privilegio
3898 4807 3991 4890 pe-

766 4900 955 4954 circuli
1016 4899 1221 4969 (qualis
1254 4907 1310 4953 et
1358 4899 1636 4953 Gallorum
1680 4895 1965 4965 comitum)
2020 4906 2181 4967 caput
2209 4912 2325 4952 am-

2429 4883 2639 4965 netrare
2665 4911 2932 4975 poterant,
2953 4900 3110 4970 equis
3136 4899 3189 4953 in
3209 4906 3406 4951 terram
3439 4908 3498 4949 se
3524 4883 3992 4975 demittere_regi:e

768 4993 963 5046 tuentis
983 5000 1441 5060 qttatuorpartes,
1477 4989 1710 5044 frontem
1734 4988 2325 5058 nimirum.utramq|1e
2427 4969 2728 5065 ωθὶεειείίθ
2768 4969 3014 5048 cmend?
3064 4988 3232 5058 8mm
3273 4981 3757 5052 ⁰⁰¹¹¹Ρθ¹¹θδ³¹¹⁸¹³⁹⁹
3793 4969 3991 5065 ῧίῖωῗι

763 5097 948 5137 aurem
980 5092 1033 5136 et
1054 5082 1290 5150 occiput,
1319 5081 1761 5150 circumpositas.

830 5173 911 5228 Ib.
941 5172 1470 5245 [Popovc.Taettiatn
1498 5173 1730 5242 intellige
1751 5172 1981 5227 frontem
2004 5172 2333 5227 circumcin-

764 5274 1002 5335 gentem,
1026 5279 1199 5333 nuper
1231 5265 1497 5319 circulum
1525 5264 1747 5325 dictum.
1780 5274 1834 5318 et
1883 5278 1991 5318 orae
2021 5263 2143 5333 pilei
2168 5264 2329 5333 junc-

765 5364 896 5417 tam,
932 5355 1047 5409 sive
1079 5355 1153 5407 illi
1190 5357 1405 5423 penitus
1460 5354 1848 5423 agglutinetur,
1912 5353 2024 5407 sive
2054 5368 2119 5405 ex
2178 5361 2330 5421 parte

766 5446 1029 5513 superiori
1117 5446 1367 5500 nonnihil
1429 5445 1729 5509 dissideat;
1814 5459 1977 5514 quam
2036 5452 2327 5512 propterea

766 5538 1035 5605 Gt'egoras
1059 5537 1094 5590 1.
1124 5554 1175 5600 v,
1203 5538 1343 5590 una
1368 5539 1467 5607 τὴν
1495 5538 1644 5590 κάτω
1672 5537 1767 5589 καὶ
1790 5536 1978 5603 κοίλην
2002 5535 2329 5603 ἐπιφάνειαν

768 5632 1063 5683 κυκλίσκον
1088 5630 1409 5699 χρυσοειδὲα
1439 5638 1612 5685 vocat.
1639 5626 1772 5683 Vide
1801 5638 1981 5682 notam
2012 5626 2064 5679 in
2094 5639 2330 5694 sequens

770 5733 930 5791 eaput
958 5723 1021 5775 ad
1055 5737 1107 5791 p.
1142 5722 1225 5776 19.

840 5814 918 5867 Ib.
955 5813 1316 5884 [Ἡείιιὶι-εαι.
1354 5814 1459 5870 Nec
1495 5814 1757 5871 ean-ulcus
1787 5825 1883 5867 nec
1912 5808 2102 5865 viridis
2128 5819 2211 5865 est
2242 5808 2332 5876 ἠε-

2498 5062 2584 5141 Ib.
2616 5086 2754 5153 Lege
2809 5080 3031 5145 πεζιύει
3064 5079 3289 5132 κάκεῖσε
3316 5073 3437 5127 κατ’
3470 5068 3763 5136 ἀναλογίαν
3784 5062 3879 5118 τοῦ
3902 5063 3996 5114 τό·

2430 5197 2534 5233 που
2579 5173 2968 5244 τετραπτύλου.
3020 5168 3279 5223 Ambulat
3346 5172 3402 5218 et
3446 5162 3572 5215 illnc
3606 5159 3676 5214 ob
3730 5158 3991 5211 rationem

2430 5276 2647 5340 propter
2678 5279 2840 5336 quam
2871 5260 2936 5316 ad
2957 5256 3314 5325 Tetrastylum
3333 5254 3575 5309 ambulat
3604 5249 3895 5340 mimicum
3926 5245 3995 5297 ob

2431 5338 2690 5416 honorem
2718 5351 3084 5423 imperatoris.
3114 5349 3206 5417 qui
3236 5348 3347 5402 illic
3373 5359 3611 5415 praesens
3642 5349 3745 5396 est.
3781 5338 3991 5394 Gens.

2503 5449 2563 5503 P.
2590 5448 2674 5503 16.
2702 5444 2839 5517 [Τοῦ
2861 5441 3239 5510 κοπριτορίου
3259 5434 3477 5490 καὶτοῦ
3498 5431 3696 5486 ἐπάνω
3716 5426 3992 5482 σκεπίου.

2434 5540 2842 5611 Ephippiarium
2873 5534 3173 5603 stragulum
3202 5540 3254 5584 et
3282 5528 3423 5583 aliud
3458 5525 3711 5611 superius
3741 5530 3993 5611 tegumen

2433 5602 2826 5685 sunt-diversa,
2859 5602 3012 5690 quod,
3039 5634 3205 5673 unum
3242 5630 3435 5684 nempe
3467 5613 3642 5681 majus
3669 5610 3865 5667 altero,
3912 5602 3999 5657 vel

2435 5734 2604 5773 unum
2634 5716 2781 5785 pacis
2810 5723 3054 5781 tempore
3081 5712 3151 5766 sit
3178 5714 3581 5769 ornamentum,
3606 5699 3748 5756 aliud
3774 5701 3828 5753 in
3858 5694 4001 5751 bello

2438 5810 2508 5863 sit
2532 5806 2657 5876 equi
2692 5804 2991 5858 munimen.
