4252 6444
241 381 333 442 2257
1304 374 1687 438 GRETSEBI
1717 375 1817 438 ET
1858 374 2093 436 GOARl
2135 374 2347 434 NOTrE

3372 364 3475 425 258

307 497 387 549 Ib.
420 492 666 558 Πεζεύει.
698 492 753 548 ld
779 500 881 556 est,
916 491 972 543 in
1012 495 1206 542 terram
1235 502 1299 541 ex
1326 503 1455 559 equo
1487 487 1685 553 desilit,
1741 494 1798 540 ut
1830 491 1871 543 Α
1902 484 2070 537 nister
2089 482 2408 559 dignitatem
2440 475 2805 548 spectantium
2842 474 3015 530 oculis
3052 471 3472 536 manilestaret;

239 587 400 659 pedes
433 586 671 640 incedat.
694 582 890 653 Gosn.]

306 678 390 731 Ib.
449 675 904 736 Αὐϐεντόπουλος.
964 672 1279 744 Quanquam
1332 669 1667 725 Glossarium
1718 667 1800 721 iu-

237 778 562 838 terpretatur
594 770 776 820 herum
807 765 1081 830 minorem,
1111 765 1267 833 quasi
1304 762 1534 830 adjectio
1571 761 1661 813 illa
1702 760 1800 814 de-

234 870 417 931 cerpat
439 859 638 929 aliquid
665 859 729 911 de
754 856 1169 926 signiﬁcatione,
1194 853 1243 906 id
1277 861 1452 906 tamen
1484 860 1801 921 perpetuum

236 970 338 1009 non
368 964 470 1017 est,
507 964 565 1006 ut
598 964 760 1017 supra
784 948 847 1003 ad
880 964 933 1019 p.
974 950 1055 1012 14,
1091 946 1433 1000 notabamus.
1699 1007 1704 1012 _

300 1043 381 1098 Ib.
418 1042 541 1103 Μᾶς
573 1050 629 1095 et
665 1040 780 1102 σᾶς,
830 1054 927 1108 pro
978 1035 1080 1105 μοῦ
1112 1046 1166 1091 et
1223 1034 1315 1089 σοῦ
1377 1043 1505 1090 sunt
1557 1032 1803 1089 barbara:

234 1134 458 1189 Grmciae
491 1130 866 1187 suaveolentes
896 1126 1126 1181 ﬂosculi.
1163 1125 1369 1181 Gaz-rs.

304 1245 471 1320 [Vere
501 1257 724 1301 nasutus
740 1242 898 1297 etiam
925 1240 1165 1294 barbarae
1191 1238 1411 1293 Graecia:
1432 1250 1591 1289 voces
1626 1237 1731 1304 μᾶς
1754 1239 1807 1285 et

237 1340 334 1400 σᾶς
359 1354 466 1392 non
496 1335 595 1406 μοῦ
612 1344 667 1388 et
691 1332 912 1395 coﬁ,sed
938 1331 1095 1401 ἡμῶν
1121 1339 1173 1383 et
1196 1329 1347 1397 ὑμῶν
1364 1329 1479 1381 vice
1497 1325 1806 1380 odorabitur

236 1431 512 1500 usurpari.
537 1427 670 1481 Aliis
701 1437 883 1479 autem
916 1440 944 1476 a
979 1423 1316 1477 nominativo
1348 1421 1502 1489 ὲμεὶς
1552 1429 1607 1472 et
1663 1419 1805 1479 tasE;

235 1540 327 1577 nos
366 1532 420 1576 et
445 1537 530 1574 vos
564 1519 784 1573 casibus
811 1514 1023 1570 cunctis
1053 1513 1391 1576 deserviunt,
1428 1510 1803 1577 mutilatisque

237 1629 331 1680 per
383 1610 705 1679 aphmresint
737 1608 873 1674 ἐμᾶς
896 1615 950 1660 et
981 1605 1112 1666 toi;
1144 1603 1526 1671 relinquuntur
1553 1616 1567 1664 ;
1606 1599 1801 1654 simul—

235 1719 340 1770 que
370 1702 521 1755 vides
564 1698 659 1752 τοῦ
714 1698 775 1750 σύ
831 1698 1010 1751 minus
1076 1694 1384 1750 anomalum
1421 1707 1542 1747 esse
1599 1691 1803 1760 plurale

234 1796 379 1855 ἑσεῖς
409 1806 572 1861 quam
641 1790 819 1857 ὑμεῖς,
856 1803 918 1842 ac
969 1788 1087 1841 ideo
1145 1785 1523 1841 suaveoleutes
1557 1784 1798 1837 barbara:
1831 1819 1872 1875 Β

232 1884 457 1939 Gnecia:
481 1881 757 1942 ﬂosculos,
791 1880 940 1932 nullo
992 1876 1147 1947 pretii
1177 1891 1363 1931 eorum
1387 1875 1597 1930 delectu
1633 1873 1796 1936 tacto,

234 1992 343 2031 non
377 1990 501 2030 esse
533 1984 735 2028 temere
765 1970 1135 2041 proterendos.
1164 1968 1329 2023 Goan.
1346 1968 1359 2039 j

310 2088 398 2143 Ib.
435 2088 708 2153 Αὺθέντης
749 2086 1017 2138 dominus.
1069 2082 1206 2137 Hinc.
1255 2084 1554 2146 αὐθεντεῖν,
1609 2078 1803 2133 αὐθεν-

230 2182 433 2244 τεύειν,
471 2180 832 2243 αὑΘεντίζειν,
860 2177 1219 2231 aut/tenticum
1248 2177 1484 2237 reddere,
1515 2174 1805 2227 auctorita—

232 2285 358 2336 tem,
383 2271 488 2325 vim
520 2282 568 2325 et
604 2275 764 2322 robur
802 2269 1016 2331 addere,
1040 2276 1097 2319 ut
1124 2267 1293 2319 ualeat
1320 2276 1365 2319 et
1395 2266 1540 2333 rejici
1567 2280 1665 2317 non
1689 2279 1808 2331 pos-

231 2367 322 2419 sit.
384 2364 450 2417 Et
478 2364 565 2418 cui
598 2377 707 2416 non
740 2370 867 2415 sunt
896 2361 1093 2414 auditae
1114 2357 1406 2413 Iustiniani
1454 2356 1801 2413 Authenticaz,

231 2472 377 2523 quas
433 2457 548 2524 ipse
577 2453 817 2523 Νεαράς,
850 2453 952 2505 Ιιοο
983 2461 1067 2504 est
1115 2450 1392 2513 Novellas,
1453 2446 1807 2516 indigitavit?

233 2548 581 2601 Anthentica'.
607 2543 902 2613 Scriptum
930 2558 1100 2598 sacra:
1126 2544 1367 2596 omnium
1400 2556 1493 2593 ore
1538 2547 1806 2594 teruntur.

305 2637 481 2692 Graeci
538 2651 683 2690 nunc
728 2635 960 2704 ἀφένδης
1021 2633 1263 2688 scribunt
1320 2639 1376 2685 et
1434 2630 1807 2699 pronuntiant,

234 2740 293 2784 ct
361 2730 676 2796 corruptius
759 2727 934 2780 adhuc
995 2726 1188 2793 efeudi.
1272 2722 1511 2777 Transiit
1586 2731 1812 2790 utraque

232 2836 338 2875 vox
397 2821 463 2873 ad
517 2818 758 2873 Turcas:
814 2832 934 2871 nam
1004 2816 1108 2870 illis
1156 2815 1375 2883 apheudi
1429 2814 1513 2867 vel
1565 2811 1735 2881 efeudi
1760 2811 1813 2864 in

235 2926 340 2965 usu
400 2920 505 2973 est,
568 2919 702 2963 teste
753 2908 1079 2963 Leunclavio
1126 2908 1179 2962 in
1228 2906 1580 2962 Onomastieo
1612 2904 1814 2958 Musul-

236 3003 518 3057 mannico.
562 3000 830 3067 Ἀφένδρα
889 2999 1125 3051 domina.
1184 2996 1362 3050 Dousa
1420 2998 1472 3049 in
1522 2995 1811 3049 ltinerario

232 3095 560 3163 Cpoiitano:
594 3091 710 3144 Nisi
768 3090 976 3144 ercos
1009 3089 1273 3143 interdum
1308 3090 1425 3143 vino
1481 3089 1805 3158 deposueris,

235 3190 342 3241 nisi
376 3187 557 3241 Greece
582 3201 721 3239 more
758 3184 1211 3253 πολυχρονιάσῃς,
1242 3183 1451 3249 ὰφὲνδι,
1486 3183 1809 3234 exclamare-

234 3281 337 3341 ris,
369 3281 538 3333 oleant
581 3290 628 3331 et
659 3293 868 3346 operam
899 3276 1211 3347 perdideris.
1250 3274 1385 3327 Hinc
1414 3273 1669 3326 αὑθεντία
1718 3274 1811 3327 do-

238 3375 491 3428 minatio.
522 3373 723 3428 Guers.

860 3500 1089 3558 CAPUT
1128 3500 1191 3554 γ.

242 3622 641 3691 Explicationes
672 3628 718 3670 et
753 3619 1135 3691 observationes
1169 3612 1647 3691 circaIeliguorum
1686 3622 1816 3691 pro:

317 3675 491 3745 ceram
530 3690 819 3741 aulicorum
846 3686 1100 3754 insignia,
1142 3698 1257 3751 qua:
1308 3675 1540 3735 Codinus
1579 3680 1747 3746 capite
1779 3675 1811 3728 4

316 3761 644 3828 exsequitur.

316 3873 377 3927 l'.
414 3872 502 3926 ΓΙ.
536 3869 635 3942 ίτὸ
664 3866 960 3921 σκιάδιον.
992 3864 1195 3933 Capitis
1229 3862 1459 3931 tegimen
1495 3859 1809 3914 honoratius

241 3976 297 4019 et
326 3964 462 4017 aulae
493 3961 809 4031 proceribus
858 3970 1179 4011 concessum
1223 3954 1461 4006 σκιάδιον
1493 3961 1648 4004 vocnt
1683 3965 1812 4003 nuc.

246 4067 330 4107 tor
354 4051 621 4107 cnmJure
644 4048 756 4104 GR.
791 4064 842 4117 p.
872 4045 993 4109 186,
1021 4043 1234 4098 Nicetas
1265 4043 1417 4096 πῖλον
1441 4054 1494 4095 et
1519 4043 1809 4109 κάλυμμα,

245 4144 519 4212 Gregoras
546 4139 887 4203 καλύπτραν.
915 4132 1169 4186 Formam
1205 4132 1292 4184 hic
1337 4130 1581 4199 depingit
1609 4128 1813 4181 ultimis

246 4232 494 4288 historia:
526 4244 637 4284 sua:
668 4227 884 4281 verbis:
927 4223 1060 4291 Περὶ
1083 4238 1147 4289 γε
1193 4220 1300 4290 μὴν
1334 4219 1545 4301 τῆςιὲπὶ
1574 4217 1814 4285 κεφαλῆς

247 4327 570 4392 καὶύπτρας
614 4322 704 4373 ἐπὶ
760 4320 866 4371 τῶν
921 4317 1018 4386 μὲν
1070 4317 1335 4384 πρότερον
1390 4313 1651 4382 βασιλέων
1694 4309 1813 4371 ἔθος

245 4420 373 4479 τοὶς
403 4415 499 4484 μὲν
516 4413 691 4480 χρόνῳ
716 4406 1130 4477 προϐεϐηκότας
1152 4408 1207 4458 ὲν
1226 4407 1337 4465 τοῖς
1364 4403 1651 4471 βασιλείοις
1680 4400 1813 4468 χρῆ-

1903 590 2007 645 qua
2063 556 2269 627 ratione
2336 569 2551 623 Nicetas
2578 569 2718 620 idem
2768 567 2819 620 in
2853 566 3040 620 Alexio
3091 564 3353 619 Manuelis
3407 563 3471 620 F.

1907 665 2291 734 συγκλητικῶς
2325 660 2703 729 ὲξυφασμένον
2733 659 2830 727 τῆς
2877 658 3120 725 κεφαλῆς
3183 657 3476 727 κάλυμμα,

1903 775 2000 827 pro
2040 766 2348 825 magnatum
2387 749 2770 823 (συγκλητικοί
2829 748 2974 802 enim
3029 761 3136 799 non
3194 758 3477 801 senatores

1906 852 2086 913 modo,
2116 849 2207 904 sed
2239 857 2289 901 et
2317 859 2569 915 proceres
2600 842 2775 896 cuncti
2809 838 3089 905 dicuntur)
3121 847 3168 889 et
3186 838 3475 904 oﬁ‘iciorum

1908 943 2161 997 varietate
2200 941 2358 994 rariis
2393 937 2651 990 coloribus
2691 944 2738 988 et
2778 934 3001 985 materia
3061 931 3265 983 diversa
3325 945 3476 984 coni-

1908 1035 2030 1105 poni
2062 1052 2124 1087 ex
2158 1032 2501 1087 assuetudine
2534 1026 2836 1080 allirmavit.
2870 1024 3181 1093 Logotheta!
3224 1022 3350 1091 pilei
3383 1022 3477 1075 de-

1907 1126 2254 1193 scriptionem
2280 1129 2404 1175 uota
2429 1117 2653 1172 inferior
2685 1116 2749 1169 ad
2778 1131 2830 1185 p.
2862 1115 2924 1166 l9
2949 1114 3245 1168 exhibebit.
3273 1111 3473 1184 Gout.]

1979 1216 2119 1271 Ibid.
2181 1210 2693 1265 Klanmwvlunius
2710 1208 2911 1278 ubique
2944 1207 3107 1260 vertit
3144 1222 3474 1275 squameum,

1909 1325 2081 1379 exque
2116 1306 2318 1358 Arabia
2344 1315 2393 1357 ct
2426 1302 2581 1372 Syria
2617 1301 2889 1355 cunabula
2942 1298 3197 1352 accersit.
3229 1297 3476 1351 Ridicule

1909 1414 2157 1470 prorsus,
2188 1397 2312 1465 quia
2364 1406 2442 1447 est
2478 1411 2571 1445 vox
2618 1408 2766 1445 mere
2816 1391 3028 1451 Latina,
3080 1391 3345 1441 clavatum
3377 1404 3473 1441 seu

1910 1493 2167 1550 clavatus,
2210 1488 2360 1555 παρᾶ
2394 1487 2454 1537 τὸ
2486 1484 2691 1543 κλάπος
2721 1482 2835 1534 sive
2858 1479 3079 1542 κλάδος,
3108 1484 3303 1534 clavus.
3337 1478 3476 1531 Hinc

1909 1579 2253 1653 χρυσόκλαῦα
2314 1588 2365 1632 et
2418 1573 2944 1645 χρυσοκλαϐαρικά,
2980 1572 3323 1640 chrysoclava
3376 1584 3475 1624 seu

1911 1670 2201 1733 auriclava,
2233 1670 2299 1722 de
2327 1667 2529 1737 quibus
2569 1666 2679 1731 jam
2735 1678 2900 1733 supra
2944 1664 3009 1716 ad
3039 1678 3090 1728 p.
3122 1660 3175 1715 5.
3218 1660 3333 1713 Viri
3386 1676 3478 1712 ao-

1912 1766 2002 1823 rti.
2039 1762 2211 1830 inquit
2258 1758 2697 1817 Glossarium.“
2746 1767 2829 1810 est
2876 1753 3092 1813 Junius,
3123 1763 3311 1821 putant
3366 1767 3478 1805 esse

1904 1870 2074 1907 vocem
2112 1853 2346 1904 Arabum
2378 1859 2425 1902 et
2453 1847 2730 1917 Syrorum,
2761 1862 2877 1915 qua
2910 1860 3045 1897 mere
3075 1843 3268 1895 Latina
3297 1852 3397 1904 est,
3429 1852 3477 1893 et

1903 1944 2055 1997 aliter
2086 1944 2503 2007 interpretantur
2529 1954 2689 2005 quam
2709 1936 2984 1989 debebant.
3016 1938 3188 2000 Quaut
3218 1935 3477 1988 benevole

1905 2032 2161 2087 transfert
2190 2030 2254 2083 ad
2298 2031 2485 2098 plures
2514 2026 2660 2095 quod
2700 2027 2870 2081 solius
2897 2014 3043 2078 Junii
3068 2028 3183 2079 est!
3228 2034 3278 2078 et
3310 2041 3473 2093 quam

1903 2127 2073 2180 amice
2104 2124 2195 2177 hic
2223 2130 2276 2174 et
2306 2119 2431 2173 alibi
2484 2119 2834 2188 gravissimos
2886 2118 3002 2185 ejus
3053 2116 3236 2184 lapsus
3273 2115 3472 2182 tangit!

1906 2214 2107 2281 ubique
2130 2210 2274 2278 quod
2320 2208 2515 2262 Junius
2583 2207 2855 2267 deliravit,
2892 2206 2992 2259 hoc
3022 2206 3121 2257 viri
3159 2204 3302 2257 docti
3341 2204 3481 2258 lece-

1906 2312 2051 2359 runt.
2081 2303 2276 2357 Guers.

1978 2394 2344 2465 [Κλαπωτόν.
2371 2391 2573 2460 Duplex
2617 2392 2764 2443 tilum
2798 2405 3047 2452 aureum,
3082 2406 3245 2445 unum
3278 2393 3480 2448 ductile

1910 2501 2236 2554 purumque,
2296 2486 2453 2553 quasi
2486 2484 2720 2537 solidum
2754 2499 2768 2546 ;
2808 2483 2956 2535 aliud
3006 2483 3206 2537 ductile
3235 2487 3475 2553 quidem,

1912 2579 2004 2632 sed
2041 2579 2199 2631 molis
2252 2586 2435 2630 tusnm
2482 2584 2536 2628 et
2566 2590 2836 2643 pressum,
2865 2574 3035 2629 serica
3062 2576 3147 2628 tila
3178 2578 3478 2632 circumve-

1912 2671 2025 2723 stit.
2080 2667 2323 2722 Primum
2362 2666 2545 2734 σύρμα
2602 2676 2703 2729 est,
2738 2682 2797 2718 or
2832 2668 2984 2729 trait,
3018 2668 3320 2721 secundum
3353 2668 3479 2722 κλα-

1915 2760 2090 2811 πωτόν
2127 2769 2255 2812 setae
2278 2756 2747 2825 circumpositum,
2769 2772 2827 2807 or
2857 2756 2964 2823 ﬁlé.
2993 2756 3196 2827 Gesn.)

1988 2848 2071 2903 Ib.
2100 2850 2434 2911 Δικανξκιον,
2502 2847 2649 2913 παρὰ
2700 2848 2763 2898 τὸ
2788 2848 2931 2917 δίκη,
2978 2850 3175 2915 passim
3238 2853 3478 2905 occurrit

1917 2943 2055 3012 apud
2109 2941 2399 2996 (Iodinunt.
2453 2938 2648 2993 Junius
2678 2940 2879 3006 ubique
2910 2942 3356 3008 vertitsceptrum
3387 2944 3481 3009 ju-

1919 3034 2134 3088 diciate.
2179 3032 2358 3086 Potest
2380 3047 2478 3085 vox
2505 3031 2615 3099 ipsa
2635 3030 2820 3085 Graeca
2846 3031 3067 3083 retineri
3092 3049 3107 3095 ;
3136 3044 3307 3099 potest
3336 3036 3482 3086 dica-

1835 3146 1881 3209 ς
1923 3127 2120 3179 uicium
2150 3123 2480 3192 simpliciter
2509 3122 2647 3176 verti
2687 3131 2969 3189 sceptrum.
3014 3123 3325 3190 Aliquando
3356 3141 3476 3176 cum

1919 3218 1985 3271 de
2017 3216 2340 3285 patriarchis
2399 3221 2452 3267 et
2480 3214 2753 3282 episcopis
2818 3228 2999 3267 sermo
3038 3224 3140 3279 est,
3182 3225 3242 3267 ut
3270 3231 3321 3283 p.
3358 3217 3477 3280 105,

1914 3309 2116 3362 rectius
2148 3306 2473 3359 redderetur
2513 3307 2722 3371 pedum.
2762 3302 2817 3356 In
2842 3304 3221 3374 Tureogrmcia
3257 3319 3481 3360 vocatur

1912 3398 2218 3451 ὃεκανὶκιον
2250 3397 2378 3467 (nisi
2420 3396 2492 3450 sit
2519 3395 2950 3465 typographicus
2985 3396 3159 3464 error)
3194 3412 3244 3464 p.
3275 3397 3361 3461 l5,
3386 3400 3475 3451 tibi

1912 3492 1979 3543 de
2032 3488 2309 3543 Gennadio
2381 3486 2688 3556 patriarcha
2750 3487 3159 3553 etimperatore
3205 3485 3477 3542 Turcico:

1924 3583 2105 3643 Ίδίαις
2171 3581 2331 3648 χερσὶ
2395 3578 2627 3631 δέδωκεν
2684 3576 2833 3645 αὑτῷ
2910 3578 3213 3629 δεκανίκιον
3282 3579 3477 3631 πολλοῦ

1912 3674 2083 3738 ἄξιον,
2135 3673 2253 3743 ἦτοι
2311 3671 2506 3741 ῥάϐδον
2568 3671 2819 3740 ἀργυρᾶν
2867 3674 3477 3741 περικεχρυσωμένην,

1913 3764 2145 3832 ὡραίαν.
2213 3762 2265 3814 In
2305 3762 2510 3828 scripto
2568 3759 2803 3826 quodam
2843 3757 3309 3814 Graeco-Barbare
3356 3763 3393 3818 l.
3442 3779 3478 3817 ιι

1913 3852 2345 3909 Turco-Grazciae
2418 3863 2639 3905 vocatur
2725 3852 3002 3917 δικανίκη.

1915 3948 2107 4017 ῥάϐδον
2128 3953 2284 3997 vocat
2306 3943 2577 4011 Gt'cgoras
2608 3942 2646 3994 1.
2678 3955 2751 3994 Vt.
2787 3940 2985 3994 Guz'rs.

1987 4037 2120 4090 Ibid.
2142 4034 2309 4108 [Ἀπὸ
2328 4035 2419 4100 τῆς
2439 4034 2616 4100 δίκης,
2645 4032 2908 4098 aj'tstitia
2933 4046 3031 4083 vox
3062 4033 3287 4086 deducta
3315 4032 3480 4099 justi-

1917 4127 2003 4181 tiae
2032 4141 2245 4193 quoque
2278 4134 2329 4177 et
2362 4122 2646 4191 potestatis
2678 4122 2729 4173 iu
2762 4122 2898 4175 alios
2925 4123 3241 4176 exercenda:
3262 4125 3480 4193 symbo-

1918 4218 2025 4270 lum
2063 4215 2430 4283 quodcunque
2477 4211 2769 4279 signiﬁcat.
2817 4210 2924 4264 Hoc
2961 4210 3013 4263 in
3051 4226 3174 4280 rege
3201 4222 3477 4281 sceptrum

1916 4315 2018 4363 est.
2056 4306 2106 4357 in
2138 4304 2394 4373 pontit‘ne
2436 4303 2627 4368 pedum
2660 4301 2952 4369 pastorale,
3010 4302 3062 4354 in
3091 4303 3283 4357 abbate
3313 4305 3477 4359 bacu-

1918 4400 2021 4461 lus,
2051 4398 2105 4450 in
2130 4397 2275 4466 regio
2294 4396 2540 4447 ministro
2562 4392 2822 4454 calamus,
2853 4393 3102 4457 bacillus,
3126 4395 3304 4449 clava:
3339 4412 3476 4450 cun-

3109 3853 3478 3924 Ποιμαντικὴν

248 4510 373 4561 σθαι
405 4481 758 4573 ’καλύπτραις
792 4498 1101 4569 πυραμίδος
1174 4496 1271 4566 μὲν
1295 4495 1549 4563 ἐχούσαις
1606 4493 1811 4561 σχῆμα,
1850 4481 1872 4534 [

1850 4481 1890 4534 D
1917 4491 2015 4545 etis
2045 4489 2163 4543 istis
2196 4488 2565 4557 exprimendis
2624 4498 2723 4537 vox
2758 4484 3055 4535 δικινὶκιον
3096 4487 3311 4554 propria
3341 4499 3423 4542 est
3459 4507 3471 4552 ;

252 4600 503 4667 arpi-mi;
526 4594 685 4663 233
715 4591 758 4644 δ’
781 4590 1045 4658 ὲνδύμασι
1074 4587 1215 4641 κατὰ
1236 4588 1293 4638 τὸ
1320 4586 1581 4651 ἀνάλογον
1604 4583 1817 4649 ἑκάστῳ

247 4686 467 4751 ἀξίωμα
505 4680 970 4748 καλυπτομέναις,
1014 4678 1125 4729 ὅσοι
1148 4676 1197 4728 δ⁸
1228 4676 1283 4726 ὲν
1342 4674 1543 4743 ἡλικίᾳ,
1597 4673 1816 4733 τούτους

253 4774 308 4826 δὲ
337 4774 554 4832 πάντας
588 4767 846 4829 καθάπαξ
869 4766 1176 4817 ἀκάλυπτον
1232 4764 1371 4833 ἔχειν
1408 4764 1505 4831 τὴν
1554 4760 1812 4829 κεφαλήν.

250 4864 405 4920 Unde
438 4877 559 4915 cum
592 4861 657 4914 ad
681 4858 872 4929 ephebi
898 4865 1107 4910 :etatem
1144 4855 1423 4923 processit,
1456 4862 1581 4907 tunc
1611 4861 1815 4906 tantum

247 4958 486 5024 despotae
518 4968 612 5023 per
644 4964 846 5004 morem
888 4947 967 5002 las
1000 4959 1076 5001 εει
1116 4956 1253 5000 tecto
1307 4946 1479 5013 tapite
1512 4945 1562 4997 in
1617 4947 1817 5014 palatio

249 5049 399 5103 cerni
430 5063 445 5099 :
482 5060 615 5109 puer
644 5043 789 5097 enim
828 5040 1046 5093 nonnisi
1075 5049 1263 5108 aperto
1287 5050 1554 5098 versatur,
1587 5037 1659 5089 ait
1686 5052 1816 5091 auc-

252 5149 333 5190 tor
357 5135 539 5204 capite
572 5131 853 5200 superiore
883 5147 895 5184 :
939 5127 1058 5180 Ἐπὶ
1086 5129 1327 5197 κεφαλῆς
1363 5128 1439 5180 ἔτι
1474 5128 1586 5188 νέος
1620 5128 1718 5194 μὲν
1745 5125 1817 5178 ὢν

248 5231 275 5281 ὁ
314 5226 585 5293 δεσπότης
620 5225 779 5291 φορεῖ
801 5222 856 5272 ἐν
887 5220 964 5290 τῷ
1017 5219 1264 5289 παλατίῳ
1295 5220 1463 5271 οὐδέν.
1531 5217 1662 5270 Pilei
1721 5219 1817 5271 de-

250 5318 515 5387 scriptam
566 5330 592 5367 a
620 5311 858 5381 Gregora
908 5311 1138 5364 fortnam
1178 5309 1389 5363 dixerat
1442 5309 1569 5361 olim
1604 5307 1816 5363 Nicctas

251 5409 552 5467 Andronici
584 5407 619 5459 l.
649 5421 687 5459 ιι
725 5421 751 5457 a
783 5404 1025 5459 barbaris
1053 5412 1333 5471 acceptam
1364 5420 1379 5456 :
1423 5402 1579 5454 Πῖλον
1614 5400 1818 5471 $196:-

254 5500 409 5572 ρικὸν
440 5500 506 5567 τῇ
535 5493 740 5562 κεφαλῇ
768 5492 1149 5561 περιθέμενος,
1183 5492 1239 5553 ὃς
1259 5492 1336 5552 εις
1376 5490 1470 5554 ὀξὺ
1501 5491 1681 5558 λήγων
1720 5509 1817 5541 πυ-

256 5587 445 5658 ραμίδι
484 5583 757 5637 εἴκασται.
802 5580 1061 5648 Proprius
1119 5590 1378 5634 tamenet
1432 5581 1714 5634 latniliaris
1748 5582 1817 5634 ita

257 5674 505 5728 redditus
539 5680 643 5736 est,
680 5679 864 5723 utnon
898 5668 1095 5733 forma,
1133 5670 1227 5722 sed
1261 5672 1500 5724 materia:
1531 5671 1818 5725 colorum—

256 5780 363 5836 que
398 5765 514 5834 ejus
543 5767 802 5818 varietatc
830 5775 1053 5816 senator
1086 5762 1315 5831 quilibet
1344 5772 1395 5816 ct
1458 5764 1666 5817 aulicus
1720 5765 1816 5819 mi-

1917 4591 1970 4636 et
2013 4580 2199 4634 Latine
2237 4578 2480 4632 redditur
2540 4575 2884 4628 commodius
2925 4577 3071 4643 virga
3119 4577 3197 4630 vel
3264 4578 3476 4633 baculus

1917 4687 2080 4738 quam
2118 4678 2399 4737 sceptrum.
2433 4665 2703 4719 Scribitur
2732 4676 2781 4719 ct
2814 4665 3120 4717 δεκανίκιον
3148 4678 3202 4722 et
3234 4669 3478 4722 δεκανέκι

1918 4760 2085 4814 dictio
2110 4776 2136 4811 a
2175 4759 2341 4828 priori
2380 4764 2668 4811 truncata:
2698 4771 2803 4808 non
2830 4756 3110 4824 δεκανικη,
3145 4767 3203 4811 ut
3246 4759 3473 4814 barbare

1922 4849 2213 4905 Meursius.
2255 4849 2442 4901 Simon
2508 4847 2725 4900 Portius
2761 4846 3043 4899 δικανίκιε
3089 4849 3305 4917 ράὅδος,
3346 4850 3479 4918 βάκ-

1918 4961 2064 5013 τρον,
2082 4941 2370 5013 βακτηρία,
2394 4939 2572 5006 ξύλον,
2592 4940 2828 4991 baculus.
2849 4939 3211 5001 Consecratus.
3234 4942 3476 5009 inquam,

1920 5036 2157 5098 baculus,
2198 5032 2412 5102 qualem
2452 5032 2839 5085 caduceatores
2865 5034 3038 5085 nostri
3072 5034 3335 5101 gerebant
3368 5036 3477 5101 pri-

1921 5130 2107 5188 mitus,
2130 5127 2194 5179 de
2225 5140 2333 5193 quo
2359 5123 2649 5193 Gregorius
2672 5120 2876 5176 Turon.
2908 5138 2999 5184 vn,
3020 5124 3085 5176 3:7.
3116 5142 3125 5176 :
3156 5124 3303 5177 Misit
3334 5123 3481 5178 Cun-

1921 5218 2173 5271 dobaldus
2205 5218 2335 5270 (tuus
2363 5218 2555 5284 legatos
2577 5216 2642 5266 ad
2683 5231 2847 5282 regem
2879 5232 2996 5268 cum
3024 5216 3179 5284 rirgis
3214 5233 3483 5270 consecra-

1923 5312 2005 5374 tis,
2046 5310 2199 5376 jurta
2242 5309 2397 5359 ritum
2432 5305 2778 5366 Francorum.
2820 5318 2873 5359 ut
2904 5308 3105 5360 scilicet
3130 5324 3231 5361 nou
3273 5310 3484 5361 contiu-

1921 5409 2161 5469 gerentur
2185 5398 2246 5449 ab
2281 5398 2425 5461 ulto;
2458 5398 2671 5465 qualem
2702 5397 2861 5468 234
2903 5400 3060 5451 ειὶειτιι
3096 5409 3291 5467 gerunt
3314 5414 3487 5455 mare-

1921 5491 2079 5544 scalci
2106 5530 2121 5554 ,
2162 5489 2346 5559 regius
2380 5488 2611 5557 dapil‘er.
2655 5489 2967 5557 praetoriani
3000 5489 3292 5557 immunes,
3324 5505 3488 5560 appa-

1921 5582 2139 5643 ritores,
2167 5592 2269 5634 etc.
2302 5578 2446 5633 Goan
2479 5576 2497 5649 ]

1990 5670 2053 5725 P.
2102 5674 2190 5725 Π.
2230 5670 2335 5725 Pro
2388 5670 2609 5741 κόμδων
2652 5669 2852 5728 Junius
2908 5672 3097 5728 eodem
3145 5686 3308 5727 sensu
3347 5672 3484 5740 κόμ-

1924 5782 2060 5819 πων.
2089 5766 2281 5820 Gums.
