4252 6444
246 390 338 454 261

1350 389 1726 449 ϐΗΕΤδΕΙΠ
1770 390 1861 448 ΕΤ
1892 390 2127 452 GOARI
2169 395 2401 456 NOT/E.

3377 391 3482 457 262

254 501 501 554 tetrarela
543 500 630 553 hol
653 516 835 554 :serica
876 500 1100 555 alithina
1133 512 1384 572 quatuor,
1416 514 1465 556 et
1501 513 1686 559 vestem
1717 521 1813 560 διι-
1839 510 1885 566 Α
1915 520 2185 575 purpurea
2216 519 2365 563 veste
2394 508 2623 578 intelligi
2655 510 2848 567 debere
2871 512 3027 568 testis
3059 522 3140 567 est
3176 514 3477 587 Eutropius

244 608 330 659 per
371 593 540 644 altare
571 592 746 644 album
784 592 1196 664 chrysoclaoam.
1227 595 1501 648 habentem
1526 596 1804 652 historiam

244 698 438 736 ianua:
476 684 891 736 resurrectionis.
929 682 994 735 Et
1053 683 1217 738 aliam
1278 695 1462 737 restem
1504 687 1806 753 chrysocle-

244 792 378 837 ram,
412 774 683 826 habentem
720 776 1002 829 historiam
1044 776 1340 829 natiuitatis
1383 776 1591 829 Domini
1613 787 1660 829 et
1693 776 1800 832 SS.

242 866 623 917 Innocentium.
660 862 775 916 luto
808 874 857 917 et
913 866 1080 918 aliam
1110 877 1305 931 pestem
1345 865 1576 936 Tyriam,
1610 869 1803 923 haben-

244 966 339 1007 tem
396 955 675 1008 historiam
734 958 860 1009 ιιι-εἰ
919 957 1208 1011 illuminati
1240 971 1289 1012 et
1345 960 1837 1019 resurrectionem-

243 1046 387 1105 Idem
414 1058 588 1100 autem
621 1051 984 1107 sanctissimus
1015 1051 1209 1119 praesul
1240 1052 1359 1120 [erit
1387 1054 1439 1105 in
1471 1054 1691 1108 basilica
1733 1056 1798 1109 Β.

245 1137 432 1191 Maria:
466 1139 533 1191 ad
573 1136 808 1205 Prmsepe
840 1154 1026 1196 vestem
1067 1142 1239 1193 albam
1270 1144 1680 1212 chrysoclavam,
1708 1147 1803 1200 lia-

241 1231 435 1281 bentem
463 1232 735 1282 historiam
759 1242 955 1284 sanatio
974 1234 1395 1289 resurrectionis.
1423 1235 1523 1288 Sed
1553 1246 1602 1289 et
1630 1237 1797 1291 aliam

240 1329 425 1371 vestem
460 1321 512 1372 in
545 1321 794 1377 orbiculis
841 1322 1216 1392 cltrysacluvis,
1253 1324 1522 1380 habentem
1550 1328 1799 1382 historias

239 1410 660 1462 annuntiationis
719 1420 767 1463 et
799 1410 902 1464 SS.
956 1411 1177 1465 Joacltin
1221 1424 1271 1466 et
1324 1415 1511 1468 Anum.
1550 1416 1688 1469 ldetn
1732 1419 1800 1474 de

237 1502 462 1550 eodem:
499 1498 561 1550 In
594 1501 745 1554 titulo
776 1501 1100 1557 Pammachii
1128 1522 1284 1571 super
1309 1506 1480 1559 altare
1503 1500 1610 1561 SS.
1631 1506 1792 1562 Joan-

237 1591 317 1641 nis
344 1599 393 1642 et
427 1589 581 1646 Pauli
620 1593 743 1661 fecit
769 1605 956 1647 vestem
1007 1597 1183 1649 albam
1237 1598 1613 1664 holosericant.
1635 1617 1798 1653 orna-

236 1690 343 1734 tam
376 1684 428 1735 in
459 1700 586 1753 gyro
635 1686 698 1739 de
726 1686 971 1753 fundato,
1002 1689 1272 1742 habentem
1297 1690 1578 1745 historiam
1606 1692 1797 1746 Cruci-

231 1770 349 1837 ﬁxi,
381 1773 713 1827 Ascensionis
744 1787 791 1828 et
833 1777 1178 1833 Pentecostes.
1218 1780 1421 1835 Csars.

300 1862 388 1917 Ib.
418 1863 737 1935 [Διόολέον.
788 1870 857 1923 De
899 1869 1059 1923 simili
1116 1872 1359 1935 bicolore.
1403 1874 1573 1944 Ducas.
1606 1875 1791 1931 tunica
1829 1844 1869 1901 Β

236 1969 548 2010 sermonem
587 1959 744 2014 habet
773 1958 987 2014 Nic-etas
1020 1962 1313 2018 Andronici
1345 1964 1380 2019 l.
1403 1982 1446 2035 ,ιι
1487 1982 1502 2019 :
1535 1965 1607 2020 Τὺ
1636 1966 1792 2036 σῶμα

228 2046 419 2115 λωπίῳ
447 2048 707 2118 διχρώμῳ
734 2053 943 2120 συνεῖχε
969 2054 1096 2119 περὶ
1112 2053 1209 2122 τὴν
1232 2054 1347 2120 ἰξὺν
1380 2057 1788 2122 κατασαινοντι,

228 2138 420 2189 ἔκτοτε
453 2138 508 2191 δὲ
538 2140 898 2212 διαιρουμὲνῳ
923 2143 1066 2213 διχῆ.
1098 2144 1211 2197 Alia
1249 2145 1405 2203 lectio
1427 2148 1581 2215 potiit
1610 2149 1790 2216 φορῶν

228 2228 429 2297 ροῦχον
460 2231 675 2298 σχιστὸν
728 2236 792 2284 ὲκ
836 2235 1147 2304 χρωμάτων
1172 2236 1287 2291 δύο.
1328 2237 1650 2295 Revocanda
1679 2228 1789 2300 ituc

227 2321 492 2374 nonnulla
523 2337 585 2374 ex
621 2322 813 2391 positis
847 2334 969 2379 nota
997 2326 1278 2395 superiore
1307 2329 1372 2384 ad
1404 2344 1459 2397 p.
1483 2328 1570 2382 l7.

298 2409 359 2462 ι).
395 2411 478 2466 18.
511 2410 617 2482 [Τὰ
640 2414 991 2483 ὑποδήματα
1049 2416 1154 2471 τοῦ
1208 2419 1785 2486 πανυπερσεόἁστου

224 2501 481 2567 κίτρινα.
528 2505 610 2560 Ab
667 2507 983 2562 Andronico
1032 2508 1258 2563 Seniore
1324 2510 1540 2564 inventa
1592 2523 1790 2569 narrat

225 2595 628 2665 Gregoras,vn,
646 2599 746 2657 28:
782 2601 954 2653 Ἐτετι
965 2601 1127 2671 μήκει
1153 2601 1221 2668 es;
1236 2602 1486 2669 Ἰωάννην
1502 2602 1661 2665 εὐθὺς
1692 2606 1786 2659 καὶ

224 2686 307 2755 τῷ
340 2686 434 2739 τοῦ
474 2692 992 2759 πανυπερσεσάστου
1024 2693 1317 2762 ἀξιώματι,
1346 2692 1373 2745 ὃ
1408 2693 1499 2747 νῦν
1522 2697 1614 2747 καὶ
1640 2695 1787 2765 αὐτῷ

223 2778 317 2829 διὰ
344 2780 442 2848 τὴν
473 2782 606 2851 πρὸς
640 2783 802 2836 αὐτὰν
830 2784 1063 2853 στοργὴν
1091 2782 1431 2855 ἐνδοξότερον
1454 2785 1488 2857 ἢ
1523 2788 1787 2856 πρότερον

225 2866 346 2938 εἶχε
398 2871 576 2940 πολλῷ
611 2878 1000 2945 κατεστήσατο·
1037 2876 1299 2945 ἐνδύμασι
1340 2881 1449 2959 γὰρ
1488 2880 1584 2932 καὶ
1643 2880 1790 2935 πεδί-

224 2960 345 3021 λοις
377 2962 567 3024 αὐτοῦ,
598 2964 699 3016 ὅσα
729 2965 819 3017 τὸν
853 2966 1017 3019 τππον
1043 2967 1208 3020 αὐτοῦ
1242 2972 1456 3039 κοσμεῖ,
1477 2970 1639 3042 236
1670 2974 1789 3042 κιῤ-

226 3052 345 3120 ῥοῐς
375 3055 488 3113 τοῖς
520 3053 687 3107 ἅπασι
721 3056 953 3124 χρῆσθαι
994 3058 1338 3127 κεχάρισται,
1372 3060 1438 3110 ἵν’
1525 3061 1787 3131 διασημό-

222 3157 388 3204 τατος
414 3145 473 3195 ὲν
502 3145 758 3215 τοῖςπερὶ
790 3147 880 3199 τὸν
918 3147 1141 3215 βασιλέα
1187 3150 1450 3218 εὐγενέσι.

299 3230 442 3287 Ibid.
486 3234 858 3294 Ὑποῠέλιον.
894 3239 1203 3297 Δικανίκιον
1263 3242 1657 3325 prolovesliarii
1685 3260 1784 3301 au-
1813 3230 1832 3278 ‘-

227 3322 402 3376 rillcio
433 3339 594 3393 opere
633 3332 1006 3397 χρυσοχοῖκόν,
1036 3331 1347 3400 liquatoque
1388 3322 1545 3387 viridi
1575 3334 1639 3388 ad
1673 3335 1789 3403 pig-

228 3422 471 3471 mentum
497 3418 713 3470 metallo
748 3420 946 3473 vitrum
979 3423 1223 3479 imitante
1242 3423 1545 3489 ὑποῦέλιον,
1576 3440 1639 3480 ac
1667 3426 1787 3483 ideo

225 3506 399 3557 viride
432 3506 591 3559 simul
627 3524 690 3562 ac
719 3524 942 3575 aureum
980 3516 1434 3583 χρυσοπράσινον.

292 3593 427 3647 Ibid.
458 3592 563 3664 [τὰ
611 3595 963 3665 ὑποδήματα
1016 3602 1199 3654 αὐτοῦ
1244 3603 1530 3672 πράσινα.
1578 3609 1784 3673 Quibus

224 3694 513 3738 attestatur
548 3684 757 3743 Nicetas
783 3690 834 3742 iu
871 3693 1059 3746 Alexio
1099 3695 1321 3765 Angelo,
1353 3698 1635 3769 eidemque
1665 3717 1787 3768 pro-

227 3776 545 3830 tovestiario
584 3781 873 3835 tentorium
908 3786 1181 3855 proprium
1225 3789 1513 3845 concedit:
1548 3794 1609 3845 υἱ
1651 3794 1782 3862 βάρ-

223 3867 382 3935 ϐαροι
416 3868 476 3920 τὸ
528 3874 961 3939 νυκτιφυ).σ.κοῠν
1007 3877 1320 3947 στράτευμα.
1345 3884 1409 3949 τῇ
1444 3881 1537 3936 τοῦ
1572 3901 1783 3953 πρωτο-

223 3958 539 4025 6εστιαρίου
582 3961 824 4015 Ἰωάννου
855 3968 1026 4036 σκηνῇ
1054 3968 1250 4036 φεῦγον
1274 3972 1687 4038 ὲπικατὲλαϐον,
1708 3975 1782 4038 ὡς

225 4051 322 4101 καὶ
345 4040 530 4104 τοῦέτον
552 4052 916 4123 θορυὸηθέντα
939 4056 1316 4127 ὲξιναστῆναι.
1336 4058 1400 4115 Ει
1423 4060 1560 4141 infra
1585 4079 1601 4116 :
1623 4064 1701 4116 Τὰ
1722 4066 1782 4117 ὲν

220 4145 291 4211 τῇ
326 4148 495 4215 σκηνῇ
544 4145 861 4211 διελόμενοι,
894 4148 951 4197 ιν
978 4141 1059 4210 οἷς
1098 4144 1181 4217 iiii
1204 4151 1298 4202 xui.
1324 4150 1389 4203 τὰ
1420 4151 1692 4223 βατράχια
1721 4157 1781 4208 τὸ

222 4233 419 4302 χρῶμα
438 4236 626 4290 πέδιλα
645 4236 735 4289 τοῦ
763 4238 1277 4309 πρωτοὸεστιαριου,
1296 4243 1426 4314 ὃλην
1448 4246 1660 4313 ἐκείνην
1682 4248 1781 4317 τὴν

220 4321 391 4371 νύκτα
428 4324 483 4372 ὲν
508 4324 716 4394 μωκείᾳ
739 4326 825 4376 καὶ
848 4326 1045 4392 γέλωτι
1079 4328 1146 4381 τὰ
1207 4329 1497 4401 Ῥωμαίων
1528 4336 1776 4392 ὲτίοεσσν

222 4410 540 4478 πράγματα.
590 4412 730 4467 Ideni
768 4416 820 4468 in
848 4416 1051 4471 lsaacio
1080 4428 1132 4472 et
1169 4420 1371 4490 Angelo
1402 4421 1461 4476 Ε.
1539 4425 1597 4476 ’0
1630 4444 1777 4495 πρω-

1910 597 1962 650 in
1986 596 2217 664 Nerone,
2250 603 2374 669 quia
2409 602 2555 670 quod
2587 603 2884 660 Suetonius
2912 608 3009 671 ait,
3038 605 3310 663 Neronem
3344 624 3473 676 pur-

1907 705 2040 758 pura
2078 705 2354 760 coeeoqne
2382 693 2602 747 fitnibus
2633 695 2788 748 nexis
2813 696 3104 763 piscatum,
3140 677 3245 755 itoc
3272 697 3472 753 Eutro-

1905 778 2029 845 pius
2061 778 2272 835 blatteis
2324 782 2484 837 dixit.
2518 783 2674 850 Apud
2725 783 3099 854 Lampridium
3138 787 3191 840 in
3224 788 3474 857 lleliogao

1902 868 2028 925 balo
2055 870 2207 939 funes
2243 870 2410 925 blatta
2444 884 2492 926 et
2527 877 2694 927 serico
2728 878 2935 931 intorti.
2973 876 3126 933 Unde
3154 880 3468 935 sericoblat-
3504 881 3507 883 “

1907 967 2041 1011 team
2078 971 2283 1016 vestem
2334 964 2612 1032 accipiunt
2652 967 2899 1019 nonnulli
2934 982 3055 1022 eam
3107 984 3227 1037 quae
3261 985 3467 1039 purpu-

1906 1051 1979 1103 rei
2019 1051 2217 1107 coloris
2274 1063 2356 1107 est
2409 1062 2462 1107 et
2507 1055 2613 1131 litis
2664 1058 2844 1112 aureis
2879 1055 3081 1113 variata
3123 1059 3158 1113 l.
3193 1076 3343 1131 x,_c.
3402 1061 3468 1114 de

1903 1141 2263 1212 mnrilegulis,
2299 1154 2351 1198 et
2384 1146 2418 1198 Ι.
2449 1126 2726 1201 ο.”Γιιθο‹1.
2756 1147 2878 1200 eod.
2910 1146 3034 1202 Haec
3058 1127 3466 1220 Browerus_no-

1902 1238 2013 1283 ster
2078 1234 2142 1285 ad
2213 1231 2560 1290 Venautium.
2620 1237 2772 1304 Apud
2822 1235 3459 1315 Turonensenrliistor.

1900 1318 2094 1377 Franc.
2131 1338 2190 1388 ιι,
2225 1323 2291 1377 58
2323 1326 2519 1379 blattea
2576 1330 2755 1380 tunica
2807 1328 2922 1382 sine
2962 1329 3128 1384 dubio
3190 1346 3461 1399 purpurea

1900 1424 2001 1467 est.
2041 1414 2096 1470 In
2147 1415 2375 1471 historia
2412 1418 2685 1472 Anastasii
2740 1418 2807 1472 de
2840 1418 2975 1474 Vitis
3012 1422 3351 1489 pontiﬁcum,
3406 1427 3459 1477 in

1898 1502 2169 1573 Paschali,
2197 1508 2363 1563 habes
2381 1524 2587 1561 crucem
2614 1510 2675 1562 de
2705 1511 3208 1581 blattin.periclysin
3235 1515 3297 1568 de
3325 1516 3463 1569 blat-

1899 1598 2017 1661 tin;
2051 1613 2170 1666 qua:
2208 1602 2370 1654 etiam
2426 1600 2477 1652 in
2512 1599 2693 1655 Leone
2728 1602 2793 1657 ιιι
2830 1606 3028 1671 saepius
3080 1604 3344 1658 invenies.
3380 1608 3459 1661 Ad

1897 1683 2296 1739 distinctionem
2318 1689 2537 1763 additur
2562 1692 2828 1745 interdum
2856 1694 2917 1745 de
2943 1693 3133 1745 blattin
3167 1693 3457 1762 Byzanteo,

1897 1774 1961 1828 de
1992 1775 2179 1828 blattin
2210 1776 2584 1846 Neapolitano.
2631 1782 2703 1836 De
2746 1782 2926 1836 Leone
2956 1784 3059 1837 lll:
3092 1783 3237 1839 Fecit
3268 1794 3460 1838 uestem

1896 1863 2289 1931 chrysoclabam
2335 1883 2400 1920 ea:
2435 1869 2627 1921 blattin
2659 1870 2949 1939 Byza'iteo,
2977 1872 3249 1925 habentem
3281 1874 3456 1926 histo-

1898 1953 2035 2006 riam
2064 1958 2356 2011 nativitatis
2392 1968 2441 2011 et
2472 1958 2531 2013 S.
2586 1959 2868 2015 Simeonis.
2907 1964 3006 2019 Ubi
3041 1967 3267 2019 materia
3300 1981 3326 2017 a
3359 1966 3458 2035 By-

1897 2043 2075 2099 zantio
2108 2062 2305 2101 nomen
2336 2051 2529 2103 sortita
2573 2051 2836 2107 illllllilur.
2870 2054 3009 2119 Quid
3044 2054 3215 2111 Grreci
3241 2055 3263 2106 ἲ
3293 2055 3453 2110 Glos-

1896 2123 2139 2193 sarium:
2193 2138 2418 2193 Βλάτιον
2450 2142 2642 2196 blatta.
2698 2146 2990 2201 Actuarius
3019 2164 3032 2199 :
3065 2148 3321 2199 Βλάττιον
3352 2148 3457 2200 Bo-

1898 2223 2109 2289 ζάντιον
2141 2226 2331 2281 ὀστοῦν
2367 2229 2465 2299 τῆς
2498 2232 2645 2299 ῥινὸς
2675 2233 2771 2300 τῆς
2803 2235 3109 2304 πορφύραςο
3134 2235 3313 2291 Blatta
3352 2238 3455 2307 By-

1796 2337 1802 2341 ·
1897 2317 2076 2369 ιαηιὶιι
2115 2326 2190 2370 est
2218 2333 2274 2371 os
2307 2334 2372 2372 ex
2406 2337 2536 2374 naso
2566 2338 2835 2391 purpura.
2875 2324 3048 2394 Stepe,
3094 2327 3283 2415 inquit.
3301 2328 3456 2383 Clos-

1894 2407 2118 2473 sarium,
2168 2415 2405 2469 occurrit
2433 2420 2571 2485 apud
2597 2417 2893 2484 Codinum,
2960 2407 3457 2487 Nicetam,Cedre-

1896 2516 2049 2560 num.
2083 2503 2235 2573 Sape
2285 2509 2547 2573 occurrit,
2586 2508 2798 2565 fateor:
2864 2511 2957 2566 sed
2988 2528 3115 2566 num
3150 2529 3365 2584 semper
3391 2531 3453 2569 ea

1896 2608 2057 2661 quam
2092 2609 2156 2651 ex
2182 2598 2445 2652 Actnario
2468 2599 2652 2663 ali'ers,
2675 2601 3072 2670 signiﬁcatione
3095 2604 3117 2656 ?
3144 2605 3321 2670 Quare
3343 2621 3450 2661 non

1894 2685 2119 2752 exponis
2154 2687 2283 2755 qttid
2343 2689 2413 2743 sit
2462 2690 2706 2744 absolute
2764 2692 3019 2761 βλάττιον
3063 2704 3115 2748 et
3150 2695 3453 2763 βλάτινονῖ

1892 2778 2050 2845 Apud
2097 2777 2364 2835 Codinum
2395 2793 2543 2837 certe
2566 2799 2669 2837 non
2712 2794 2889 2852 potest
2916 2803 3037 2842 esse
3071 2804 3127 2840 os
3152 2793 3271 2843 nasi
3327 2807 3453 2858 pur-

1891 2871 2057 2938 puras.
2080 2872 2345 2929 Nimirum
2368 2879 2651 2947 antiquum
2678 2888 2826 2935 tenes
2849 2900 2863 2936 :
2897 2883 3077 2937 abdita
3104 2884 3263 2953 fugis,
3290 2888 3455 2939 obvia

1892 2974 1945 3017 et
1978 2966 2219 3030 vulgaria
2261 2967 2580 3038 plerumque
2620 2974 2871 3028 sectaris.
2909 2972 3252 3030 Theodosius
3282 2976 3456 3047 Zygo-

1893 3054 2064 3110 malas
2100 3055 2326 3113 Gmcus
2354 3059 2408 3112 in
2458 3061 2689 3129 epistola
2739 3066 2968 3132 quadam
3023 3067 3451 3125 Turco-Graeeite

1811 3184 1857 3247 C
1895 3144 2095 3201 inserta
2133 3162 2187 3216 p.
2221 3150 2290 3203 99
2313 3149 2503 3220 βλατία
2530 3155 2709 3221 χρυσᾶ
2738 3156 2831 3205 καὶ
2872 3156 3109 3224 ὲξάμετα
3136 3176 3148 3211 :
3179 3159 3270 3211 ubi
3313 3159 3449 3214 Cru-

1892 3234 2010 3292 sius
2044 3237 2257 3307 gt‘tldine
2292 3242 2438 3293 strict
2472 3244 2576 3295 und
2607 3242 2837 3298 damast.
2874 3246 3101 3303 Alexins
3133 3247 3448 3303 Comneuus

1889 3327 2136 3381 mittebat
2158 3344 2223 3382 ex
2250 3344 2407 3397 pacto
2436 3330 2668 3387 llenrico
2700 3333 2767 3386 ιν
2800 3337 2908 3407 regi
2931 3344 2987 3393 et
3024 3320 3332 3405 imperatori
3360 3340 3447 3405 Ill,

1886 3424 2079 3484 praeter
2133 3417 2423 3487 plurimam
2478 3425 2781 3490 pecuniam,
2845 3427 3041 3479 ἑκατὸν
3115 3428 3357 3497 βλαττία,
3393 3442 3446 3483 ιιι

1886 3507 2046 3577 237
2065 3510 2253 3564 scribit
2276 3513 2430 3566 Anna
2451 3513 2745 3581 Comnena,
2782 3516 2816 3571 Ι.
2851 3534 2909 3571 ιιι
2941 3519 3186 3574 Alexiad.
3223 3521 3450 3577 Crusius

1888 3599 2337 3667 interpretaretur
2387 3606 2615 3659 huitdert
2646 3609 2862 3677 gsildine
2896 3610 3044 3663 stuek
3078 3611 3219 3664 tueh.
3252 3611 3449 3668 Posses

1882 3692 2046 3748 etiam
2101 3695 2438 3763 biterpretari
2500 3708 2705 3751 centum
2748 3715 3040 3766 purpureas
3070 3712 3257 3759 vestes.
3290 3703 3446 3771 Apud

1884 3784 2149 3840 Codinum
2201 3797 2446 3842 nostrum
2483 3805 2534 3844 c.
2567 3790 2599 3841 4
2632 3791 2797 3846 habes
2834 3793 3130 3847 καὸὃάδιον
3177 3794 3443 3863 βλάτινον.

1879 3871 2224 3945 Purpureum
2277 3879 2365 3935 hic
2395 3882 2513 3936 sine
2564 3884 2673 3939 ullo
2714 3884 3059 3942 incommodo
3092 3888 3319 3942 reddere
3349 3904 3445 3957 po-

1882 3969 2207 4025 temlz‘odom
2238 3987 2289 4027 c.
2327 3976 2567 4027 occurrit
2618 3976 2855 4044 βλάτιον,
2906 3980 2993 4031 ubi
3027 3978 3231 4035 dicitur
3260 3990 3444 4049 proto-

1884 4061 2084 4114 sebasti
2110 4062 2281 4135 pileus
2311 4077 2430 4119 esse
2457 4067 2605 4119 aurci
2637 4076 2689 4119 et
2713 4067 2917 4134 prasini
2950 4072 3175 4134 coloris,
3198 4073 3335 4142 πλὴν
3374 4078 3433 4125 τὸ

1885 4153 2090 4222 σός-μα,
2116 4154 2174 4207 οὐ
2206 4155 2264 4209 τὸ
2291 4154 2525 4223 βλάτιον.
2552 4158 2771 4221 Junius,
2809 4170 3165 4215 verumtamen
3188 4174 3439 4232 syrmate,

1882 4258 1982 4295 non
2042 4253 2218 4298 autem
2259 4254 2424 4310 textu,
2480 4249 2607 4317 quia
2642 4248 2805 4304 Juuio
2841 4251 3063 4319 βλάτιον
3100 4256 3237 4309 nihil
3273 4257 3426 4310 aliud

1880 4342 1982 4399 est,
2007 4350 2173 4405 quam
2205 4352 2332 4403 opus
2364 4340 2560 4393 textile.
2588 4338 2849 4405 Quocirca
2880 4344 3082 4414 ubique
3107 4348 3197 4399 ubi
3241 4352 3441 4401 mentio

1880 4424 1946 4507 de
1983 4426 2167 4492 blatio,
2228 4428 2295 4481 ad
2348 4436 2550 4482 textum
2596 4441 2647 4484 et
2688 4434 2979 4488 textrinam
3014 4438 3281 4507 confugit.
3335 4440 3441 4494 Sed

218 4501 588 4575 τοόεστιάριος
618 4505 685 4556 τὰ
719 4508 829 4567 τοῖς
871 4508 1079 4572 πολλοῖς
1127 4509 1482 4581 ἑτερόχρωμα
1533 4515 1775 4570 καθυποο
1803 4540 1857 4614 D
1882 4500 2165 4586 legendum
2196 4519 2234 4572 Ι.
2264 4533 2313 4573 c.
2357 4521 2495 4590 πλὴν
2546 4524 2606 4575 τὸ
2645 4524 2851 4594 stippa,
2884 4529 3043 4581 τοῦτο
3080 4500 3317 4599 pidum.
3350 4549 3443 4586 επ·-
3472 4516 3478 4522 ’

216 4591 479 4659 δούμενης
501 4595 705 4648 πέδιλα.
731 4596 925 4670 Com]

291 4682 757 4744 Ibid.B.1drtror.
777 4690 909 4747 Cod.
929 4693 1123 4751 Boii-us
1143 4696 1380 4767 βλατίον,
1406 4700 1523 4756 aliis
1540 4701 1773 4770 βλάτιον.

219 4770 375 4840 Saepe
408 4778 648 4831 occurrit
704 4778 755 4831 in
799 4780 898 4835 hoc
945 4792 1003 4837 et
1034 4784 1083 4837 in
1133 4787 1253 4841 aliis
1305 4790 1623 4855 posterioris
1677 4792 1775 4845 aeri

214 4866 625 4933 scriptoribus;
666 4885 765 4924 nec
823 4874 949 4945 quid
1014 4876 1103 4938 sit,
1144 4875 1300 4931 facile
1350 4880 1614 4948 explicato
1671 4891 1772 4938 est.

221 4954 378 5009 Prius
433 4957 681 5014 dicamus
737 4964 865 5031 quid
900 4967 969 5019 sit
1025 4955 1162 5036 apud
1212 4970 1446 5037 Latinos,
1486 4974 1680 5029 deinde
1708 4976 1775 5030 ad

214 5048 435 5105 Graecos
491 5053 793 5107 veniamus.
851 5054 1052 5111 Savaro
1094 5058 1148 5111 in
1185 5062 1315 5116 illud
1351 5063 1559 5119 Sidonii
1599 5066 1635 5119 l.
1698 5082 1773 5133 ιιι,

213 5142 379 5208 epist.
409 5143 503 5195 i5:
527 5143 839 5215 Rutilasque
861 5160 995 5203 veste
1014 5151 1231 5215 blattas,
1258 5156 1307 5210 id
1341 5166 1424 5211 est
1453 5172 1774 5224 purpuram.

215 5230 419 5287 Paulus
463 5233 731 5290 Diaconos
785 5238 834 5290 in
876 5240 1108 5307 glossis:
1144 5242 1312 5297 blatta
1366 5262 1535 5313 genus
1575 5262 1777 5315 purpu-

215 5338 370 5376 reum
400 5326 623 5380 vermis.
659 5325 721 5379 Et
750 5328 789 5381 ι.
824 5345 875 5382 ιι
914 5331 1035 5385 cod.
1072 5332 1139 5385 de
1199 5336 1557 5404 murilegulis.
1590 5339 1633 5390 A
1667 5354 1774 5410 qua

213 5415 432 5468 blattea
477 5417 673 5470 tunica
729 5418 1033 5487 Capitolino
1068 5432 1121 5477 et
1161 5422 1414 5493 Vopisco,
1460 5438 1512 5481 et
1546 5427 1774 5484 blatteus

210 5505 366 5560 color
392 5506 597 5560 Isidoro
630 5507 662 5559 Ι.
691 5523 787 5575 ιιι,
820 5526 867 5564 e.
904 5515 998 5566 ult.
1028 5524 1083 5568 et
1118 5515 1153 5569 ι.
1181 5532 1328 5584 nix,
1356 5534 1405 5573 c.
1438 5520 1521 5583 i8,
1559 5532 1612 5576 et
1639 5523 1776 5576 blat-

209 5600 334 5663 tifer
357 5611 594 5663 senatus,
632 5601 730 5653 hoc
770 5612 851 5655 est
876 5620 1205 5675 purpureus,
1230 5610 1371 5677 apud
1399 5614 1646 5668 eumdem
1686 5615 1771 5669 Si-

208 5693 458 5747 donium.
498 5691 796 5748 Venantius
830 5696 1184 5767 Fortunatus,
1214 5702 1248 5755 Ι.
1281 5719 1317 5755 ιι
1362 5703 1543 5773 Epigr.
1588 5705 1772 5761 Serica

206 5784 296 5836 cui
334 5784 495 5835 niveis
547 5796 741 5851 agnata
774 5800 845 5841 est
870 5788 1061 5843 bluttea
1107 5790 1247 5845 telis.
1283 5792 1355 5847 De
1390 5809 1624 5865 purpura
1668 5813 1763 5853 seu

1880 4619 2025 4675 cepto
2054 4619 2285 4676 syrmate
2314 4623 2334 4663 :
2355 4620 2461 4664 Δοε
2490 4613 2627 4664 enim
2656 4630 2979 4681 purpureum
3011 4629 3110 4672 est.
3155 4619 3288 4675 Nam
3317 4624 3441 4689 pri-

1876 4698 1985 4752 oris
2008 4701 2289 4768 scripturae
2324 4702 2503 4757 nullus
2539 4714 2619 4757 est
2666 4721 2881 4762 sensus.
2940 4708 3142 4765 Eodem
3174 4728 3221 4767 c.
3273 4715 3445 4770 habes

1875 4782 2327 4861 λευκδιῗβλάτιον.
2382 4796 2569 4849 Albam
2604 4799 2764 4852 telam
2821 4805 3001 4857 reddit
3053 4805 3266 4862 Junius.
3300 4808 3444 4862 Malo

1876 4885 2055 4937 album
2092 4902 2341 4953 pannum,
2387 4899 2443 4941 ut
2480 4891 2679 4943 blation
2736 4895 3031 4961 generatim
3086 4898 3155 4951 sit
3204 4914 3434 4966 pannus,

1876 4979 1967 5033 sed
2005 4979 2106 5032 hoc
2143 4980 2259 5033 loco
2290 4981 2569 5035 candidus.
2602 4986 2725 5036 Mox
2764 4987 2827 5038 ἐκ
2870 4986 2976 5039 τῶν
3006 4990 3252 5057 συνήθως
3282 4992 3441 5042 πολι-

1874 5070 2179 5135 τευομένων
2238 5070 2493 5139 βλατίων,
2523 5074 2612 5127 ubi
2675 5075 2870 5142 sum
2928 5081 3226 5147 generatim
3278 5085 3434 5134 vesti-

1876 5171 2103 5214 mentum
2134 5172 2340 5215 vertere
2359 5173 2533 5232 potes.
2558 5168 2763 5221 Sensus
2794 5172 2934 5221 enim
2964 5181 3045 5224 est
3076 5174 3438 5228 :cabbadium

1875 5251 2039 5321 hujus
2064 5254 2350 5324 logothetze
2373 5273 2490 5312 esse
2519 5275 2683 5312 unum
2714 5275 2778 5313 ex
2813 5264 2875 5314 iis
2909 5265 3131 5317 vestibus
3164 5280 3281 5332 qua»
3305 5281 3438 5319 con-

1875 5358 2028 5400 sueto
2062 5362 2211 5401 more
2256 5352 2529 5404 feruntur.
2587 5350 2796 5407 Rursus
2832 5371 2881 5409 o.
2924 5356 3008 5419 17,
3045 5358 3271 5425 erigitur
3304 5374 3437 5411 ana-

1875 5438 2088 5498 bathra.
2122 5454 2351 5510 eamque
2386 5454 2573 5513 tegunt
2604 5457 2657 5497 et
2685 5459 2882 5499 ornant
2912 5448 3003 5499 διὰ
3042 5448 3275 5516 βλατιων
3309 5450 3438 5530 ipo—

1875 5529 2038 5597 θρῶν,
2062 5531 2243 5584 rubris.
2262 5534 2500 5599 pannis;
2532 5535 2620 5588 ubi
2662 5538 2855 5591 iterum
2880 5538 3097 5607 βλὰτιον
3132 5556 3229 5609 pro
3260 5529 3435 5607 panno

1877 5632 2193 5688 usurpatum
2230 5622 2400 5679 vides.
2449 5624 2647 5680 Junius
2696 5630 2860 5683 vertit
2896 5631 3135 5683 bracleas
3195 5631 3384 5682 rubras
3411 5646 3433 5683 :

1875 5714 1965 5766 sed
1993 5716 2125 5768 velis
2152 5725 2204 5768 et
2242 5717 2684 5785 peripetasmatis
2734 5724 3049 5777 anabathra:
3082 5722 3228 5776 indui
3266 5723 3435 5776 vesti-

1876 5804 2027 5873 τῖπιιιο
2059 5806 2257 5871 Solent.
2289 5824 2394 5864 non
2427 5810 2662 5869 bracteis
2693 5826 2747 5870 et
2773 5815 3005 5871 laminis.
3043 5815 3183 5869 Alibi
3216 5831 3267 5884 ρ.
3308 5815 3429 5875 169.,
