4252 6444
293 401 404 462 265

1385 403 1768 463 GRETSElll
1818 400 1909 462 ΕΤ
1947 400 2172 460 (ὶΟᾹΒΙ
2230 398 2460 459 NCTE.

3425 397 3528 460 266

294 525 436 579 apud
475 514 861 570 Cassiodorum
930 516 1050 571 'v'ai.
1091 532 1156 566 \‘lt
1195 514 1264 567 ii:
1307 515 1448 567 Illud
1507 530 1708 583 quoque
1735 531 1864 566 rou-
1895 525 1939 583 Α
1970 517 2194 576 bebaut;
2230 514 2362 564 nihil
2389 512 2525 564 enim
2579 512 2724 562 aliud
2749 521 2820 562 est
2860 527 3015 578 quam
3048 509 3297 578 superula
3328 509 3534 564 thoraci

296 612 500 673 sidera,
538 628 642 678 qua
673 614 1065 681 gratiﬁcatione
1103 613 1366 670 trut'teris.
1422 621 1477 662 ut
1529 628 1688 662 aurea
1722 613 1862 678 virga

295 704 578 757 decoratus
609 706 745 758 inter
779 705 1023 772 obsequia
1051 719 1328 758 numerosa
1370 715 1490 755 ante
1516 705 1666 770 prdes
1697 705 1864 772 regios

297 795 498 858 primus
528 797 753 850 videaris
781 797 1036 858 incedere,
1074 796 1149 850 vel
1173 799 1254 848 uti
1282 797 1396 863 ipso
1424 796 1713 848 testimonio
1737 795 1864 848 vici-

301 887 492 939 nitatis
518 900 715 941 nostra:
769 904 1114 958 agnoscamus
1149 888 1246 940 tibi
1287 887 1488 954 palatia
1521 888 1860 941 commisisse.

299 979 366 1030 At
397 977 471 1031 nil
506 988 737 1032 mentem
791 989 1022 1048 occupat
1067 986 1162 1031 aut
1215 976 1632 1031 admirationem
1684 986 1866 1031 movet

300 1067 354 1120 in
389 1069 694 1139 principum
744 1072 914 1127 curiis
944 1070 1049 1125 nisi
1099 1071 1243 1140 quod
1297 1085 1520 1134 novum,
1568 1070 1864 1136 insuetum,

297 1169 393 1214 aut
424 1161 578 1217 fat-ile
607 1173 783 1231 potest
826 1164 956 1218 oriri
986 1178 1050 1218 ac
1081 1163 1245 1217 elabi.

374 1251 460 1307 Ib.
493 1254 948 1325 [Χρυσάσπρον.
997 1256 1239 1325 Ἀσπρος
1270 1257 1530 1310 candidus
1557 1264 1640 1310 est.
1665 1254 1868 1309 Graecis

297 1347 746 1411 recentioribus;
783 1347 922 1415 apud
964 1363 1098 1416 quos
1133 1348 1296 1401 etiam
1328 1356 1637 1413 argenteam
1689 1362 1871 1402 mone-

298 1445 409 1490 tam
452 1439 690 1508 quinque
718 1438 798 1492 vel
819 1453 912 1493 sex
948 1438 1283 1492 minutorum
1317 1440 1670 1493 denariorum
1709 1439 1866 1508 pretii

298 1529 512 1595 ἄσπρον
540 1530 608 1584 ob
639 1529 931 1584 candorem
988 1529 1188 1583 dictam
1223 1530 1445 1585 audies:
1488 1548 1548 1585 ea
1604 1540 1684 1586 est
1711 1533 1868 1600 quin-

302 1634 446 1673 cunx
482 1614 800 1685 Francicus,
857 1637 925 1673 un
956 1620 1128 1686 blauc,
1160 1622 1298 1687 pii-cc
1329 1623 1390 1675 tle
1415 1639 1666 1692 momtoye
1714 1625 1868 1678 blun-

300 1711 411 1772 che,
438 1710 490 1763 in
517 1726 626 1780 quo
655 1727 824 1766 suave
849 1728 1051 1769 sonans
1079 1730 1183 1768 vox
1214 1714 1419 1768 Gallica
1454 1715 1508 1768 in
1544 1731 1705 1770 sensu
1739 1731 1864 1770 cum

301 1800 508 1857 Gra'ca-
551 1803 898 1858 concordiam
934 1805 1053 1869 init.
1096 1815 1150 1862 et
1175 1806 1378 1876 ignara
1423 1808 1624 1862 mentis
1653 1809 1860 1878 asperi-

301 1902 488 1956 tatem,
514 1895 722 1964 ἇσπρον
748 1897 899 1965 quasi
965 1913 1212 1966 asperum
1249 1900 1315 1953 ab
1349 1900 1550 1967 asperis
1582 1899 1866 1954 characte-

303 1985 454 2040 ribus
488 1997 719 2042 monetae
749 1987 947 2043 inustis
968 1989 1174 2045 dictum
1209 1991 1612 2058 eontendentis,
1644 1993 1843 2061 arguit.

296 2080 492 2153 Go.in.]

368 2171 426 2224 P.
470 2171 559 2225 ΩΙ.
590 2170 940 2242 Συϐαλταρᾶα
999 2173 1329 2238 subalterna,
1366 2174 1694 2240 alternatim,
1728 2174 1866 2229 alter

299 2264 400 2316 sub
457 2263 673 2329 altero;
734 2279 834 2320 vox
891 2269 956 2322 ex
1019 2263 1217 2320 Latino
1297 2267 1562 2323 vocabulo
1621 2268 1855 2322 detorta.

295 2356 499 2411 Gners.

366 2448 680 2518 [Corrupta
711 2465 812 2504 vox
839 2449 946 2505 ἀπὸ
975 2451 1068 2505 τοῦ
1103 2451 1396 2522 συμϐάλλω
1418 2453 1706 2516 committo,
1741 2468 1864 2506 cou-

293 2541 477 2612 iungo,
539 2543 867 2597 commisceo.
932 2544 1134 2599 Calami
1193 2561 1323 2614 ergo
1377 2544 1692 2599 baculorum
1739 2560 1861 2600 cum

293 2635 514 2702 quidam
544 2636 752 2690 tortiles
803 2645 1008 2699 essent,
1036 2637 1501 2707 ιντετυλιγμὲνοι
1522 2636 1610 2690 διὰ
1647 2653 1862 2706 σχοινο-

304 2727 552 2788 πλωιίου,
580 2728 715 2782 adeo
769 2737 828 2782 ut
885 2726 1095 2784 iunium
1153 2745 1290 2798 opus
1340 2730 1707 2794 imitarentur,
1767 2726 1859 2781 alii

305 2820 441 2871 λεῖοι
475 2817 849 2883 laeves,ultimi
871 2821 1085 2875 tandem
1117 2820 1558 2889 συμϐαλλόμενοι
1585 2837 1651 2875 ex
1682 2821 1866 2890 parti-

297 2911 397 2965 bus
427 2911 494 2964 ad
524 2911 750 2965 invicem
777 2912 1085 2967 commissis
1105 2922 1158 2967 et
1182 2921 1489 2966 storearum
1533 2929 1681 2967 more
1704 2919 1865 2974 textis

295 3003 580 3072 compositi
617 3002 990 3071 συόαλταρέοι,
1014 3005 1178 3058 tissus
1201 3020 1262 3057 en
1289 3015 1430 3056 uatte
1457 3019 1863 3074 nuncupantur,

294 3094 384 3162 qui
444 3093 645 3148 clarius
682 3092 1092 3161 συμϐαλλωτοξς
1149 3108 1272 3162 qua:
1325 3107 1426 3147 vos
1467 3109 1612 3148 mere
1672 3095 1862 3152 Grazea

1970 605 2283 672 superiudui
2321 603 2502 655 solita.
2557 599 2942 654 Notavitbune
2968 601 3222 655 eumdem
3285 615 3528 655 errorem

1969 695 2115 752 Junii
2148 706 2271 750 ante
2301 694 2638 750 Glossarium
2689 693 3206 748 Graeco-Barbarum
3263 693 3538 763 Rigaltius

1971 791 2021 845 in
2056 805 2154 843 suo
2177 789 2452 844 Glossario
2478 787 2697 842 Tact’co
2733 787 3134 840 mixobarbaro.
3171 786 3232 839 Et
3259 787 3532 856 quamvis.

1968 883 2011 934 si
2045 882 2268 935 verbum
2326 880 2491 933 verbo
2530 881 2662 933 velis
2697 881 2946 942 reddere,
2981 879 3161 946 potius
3195 879 3267 932 sit
3295 880 3532 946 saperlo-

1969 976 2248 1037 ricarium,
2308 974 2408 1028 hoc
2440 980 2524 1028 est
2556 988 2614 1026 ea
2649 975 2815 1026 vestis
2845 989 2964 1040 qum
2991 989 3156 1043 super
3192 973 3417 1051 loricam
3451 976 3538 1026 iu-

1968 1067 2306 1128 duitttr,cum
2327 1066 2582 1135 λώρικον,
2618 1064 2778 1135 25,0
2809 1065 3081 1132 λωρίκιον,
3104 1067 3336 1136 λωρὶκη,
3361 1065 3539 1132 λούρι-

1969 1177 2085 1224 κον,
2121 1161 2394 1228 λουρίκιον
2416 1159 2484 1214 sit
2517 1161 2784 1228 ipsissima
2817 1158 3132 1214 Latinorum
3154 1162 3338 1225 lorica,
3371 1161 3535 1214 latius

1971 1261 2148 1307 tamen
2175 1254 2393 1307 nemina
2439 1256 2550 1308 luce
2587 1256 2673 1308 hic
2701 1265 3052 1324 usurpantur,
3088 1255 3344 1308 nimirum
3377 1256 3541 1309 abso-

1973 1343 2084 1398 lute
2135 1360 2231 1412 pro
2289 1347 2561 1399 thorace:
2629 1361 2810 1412 neque
2863 1348 3005 1400 enim
3065 1347 3361 1401 verisimile
3423 1355 3537 1410 est,

1971 1437 2188 1504 quando
2211 1452 2462 1505 proceres
2504 1441 2555 1489 in
2589 1438 2788 1504 palatio
2816 1439 3150 1506 temporibus
3184 1441 3330 1508 pacis
3353 1449 3533 1506 gesta-

1972 1530 2102 1584 bant
2180 1531 2478 1598 epilorica.
2540 1531 2699 1584 simul
2766 1531 2926 1583 etiam
3007 1541 3248 1600 gestasse
3317 1532 3534 1584 loricas.

1971 1623 2193 1677 Tzetzes
2258 1622 2308 1675 in
2369 1622 2917 1676 ΙιρδὶυιιιιιιιτΧιτὼν
2966 1627 3054 1677 καί
3111 1625 3284 1692 φᾶρός
3332 1625 3446 1676 ἐστι
3476 1625 3537 1674 τὸ

1970 1715 2347 1782 διεσχισμένον
2377 1715 2626 1783 ἱμάτιον,
2685 1714 2711 1765 ὃ
2745 1713 3018 1783 καλοῦμεν
3052 1716 3399 1782 ὲπιλώρικον.
3437 1713 3535 1766 lilii

1973 1807 2126 1861 vides
2181 1809 2248 1859 ab
2303 1807 2406 1861 boc
2457 1819 2679 1861 auctore
2725 1808 3032 1874 epiloricum
3093 1808 3276 1860 vocari
3330 1815 3535 1859 vestem

1974 1899 2261 1952 discissam
2291 1915 2304 1963 ;
2351 1899 2529 1967 qualis
2561 1897 2848 1953 Germanis
2888 1907 2972 1954 est
3005 1901 3085 1952 ein
3111 1898 3311 1950 Kal/er.
3342 1897 3534 1951 Gners.

2043 1987 2102 2042 P.
2132 1989 2218 2042 22.
2245 1989 2517 2061 ιΛὼρικσν
2549 2001 2600 2045 et
2625 1992 2878 2061 λωρίκιον
2911 1995 3195 2052 loricuest,
3230 1991 3463 2059 pectoris
3486 1999 3540 2042 et

1973 2080 2120 2134 dorsi
2152 2091 2456 2136 armatura.
2518 2081 2916 2151 Tbroplianes:
2955 2083 3188 2138 Ἔλαδον
3217 2085 3281 2135 τὰ
3307 2083 3538 2151 inopiast:

1974 2173 2068 2222 καὶ
2129 2173 2224 2235 τὰς
2285 2175 2511 2236 malas;
2559 2173 2746 2226 αὐτῶν
2795 2176 2889 2228 καὶ
2953 2177 3136 2228 πάντα
3191 2176 3259 2226 τὰ
3289 2176 3535 2242 ἅρματα.

1986 2260 2346 2333 Ἐπιλώρικον
2377 2265 2608 2318 militare
2634 2280 2817 2333 sagum
2839 2273 2940 2326 est,
2968 2264 3339 2318 castrensibus
3369 2273 3540 2318 tesse-

1974 2353 2048 2406 ris
2082 2354 2238 2424 juxta
2278 2363 2486 2406 turmas
2508 2336 2752 2423 singulas
2776 2355 3230 2415 discriu‘iinatum.
3258 2365 3317 2408 ut
3338 2355 3537 2409 milites

1975 2443 2345 2498 interuoscant
2368 2446 2553 2508 duces,
2587 2463 2814 2514 casuque
2840 2448 3089 2499 d'armes.
3123 2449 3306 2502 Armis
3332 2464 3530 2516 super-

1974 2537 2219 2591 induitur
2246 2540 2398 2605 juxta
2449 2549 2709 2609 etyinum.
2747 2539 2855 2593 Leo
2883 2541 2934 2593 in
2962 2539 3201 2594 Tacticis
3235 2541 3453 2596 constit.
3482 2540 3536 2605 6,

1974 2632 2262 2701 descriptis
2315 2643 2605 2685 armaturae
2651 2633 2883 2701 singulis
2940 2634 3212 2700 partibus:
3257 2634 3539 2702 Χρήσιμον

1975 2721 2120 2793 ἔχειν
2148 2723 2474 2792 ἑπιλώρικα,
2501 2724 2586 2775 ὅτε
2619 2723 2801 2792 χριία,
2830 2724 3223 2791 ἑπενδυόμινα.
3260 2725 3391 2779 Pars
3420 2726 3538 2797 ejus

1973 2816 2216 2870 anterior
2247 2831 2272 2865 a
2311 2817 2610 2883 posteriore
2653 2817 2838 2870 dissita
2887 2828 2973 2871 est
3001 2829 3053 2870 et
3083 2818 3248 2872 libera
3275 2836 3290 2883 ;
3322 2835 3384 2873 ac
3411 2835 3536 2884 pro-

1976 2915 2158 2975 pterea
2184 2905 2560 2974 διεσχισμένον
2587 2906 2802 2974 ἱμάτιον
2827 2919 2986 2960 vocat
3010 2910 3235 2962 'l'zetzes
3262 2908 3314 2960 in
3343 2907 3538 2962 [lesio-

1973 3000 2125 3054 dum.
2164 2998 2430 3053 Describit
2484 2999 2697 3054 Nicetas
2731 3002 2780 3053 in
2817 3001 3082 3065 Manuele,
3132 3002 3168 3055 l.
3216 3018 3289 3064 vt,
3330 3003 3534 3070 regium

1975 3092 2287 3159 hujusmodi
2329 3107 2551 3161 sagum:
2596 3094 2952 3162 Θεασάμενος
2985 3093 3042 3146 δὲ
3073 3094 3289 3163 Γαϐρᾶς
3325 3096 3391 3164 ἢν
3421 3089 3537 3164 εἶχε

297 3201 421 3238 cum
459 3187 778 3240 subultcruis
827 3185 908 3240 vel
958 3187 1264 3239 alternatim
1317 3201 1426 3240 uno
1487 3187 1735 3242 videlicet
1764 3191 1902 3257 sub,

1929 3212 1937 3265 ς
1976 3186 2200 3239 στολάδαι
2237 3188 2263 3237 ὁ
2312 3185 2564 3254 βασιλεὺς
2616 3186 2712 3256 τὴν
2755 3189 2944 3254 χροιὰν
3006 3188 3388 3256 χσιλοΰάφινον,
3417 3189 3538 3242 οὐκ

297 3277 465 3329 altera
510 3277 723 3345 positis,
757 3276 959 3330 nullam
992 3291 1059 3331 ex
1104 3280 1405 3347 proposito,
1457 3279 1554 3334 sed
1584 3279 1862 3334 fortuitam

292 3371 606 3423 atlinitatcm
639 3379 795 3423 nacta
824 3377 926 3424 est.
953 3368 1152 3440 Cum]

368 3463 452 3515 Ib.
490 3461 592 3516 Pro
622 3462 796 3530 μέγας
834 3463 1003 3515 codex
1042 3461 1239 3516 Βοὴ-ιη
1276 3462 1507 3532 μαῦρος.
1545 3465 1691 3532 quod
1712 3463 1866 3520 Grat-

291 3556 372 3609 cis
409 3570 555 3608 nunc
615 3563 697 3608 est
725 3551 1125 3622 uigrum.‘lline
1166 3552 1378 3608 Pontus
1403 3555 1650 3612 Euxinus
1679 3561 1860 3626 appel-

293 3650 437 3701 latur
465 3646 916 3714 Maurotltalassa,
946 3647 1152 3714 nigrant
1214 3663 1377 3712 mare,
1418 3647 1742 3703 Cerinaniee
1763 3652 1860 3702 das

291 3741 556 3794 sciiu°arze
578 3755 735 3793 meer.

365 3835 448 3886 Ib.
501 3832 601 3887 Pro
631 3833 996 3902 χρυσὸλευκον
1052 3831 1176 3886 cod.
1241 3831 1441 3887 Boicus
1484 3832 1857 3903 χρυσάσπρονο

293 3935 376 3979 est
396 3929 539 3978 enim
566 3940 709 3979 nunc
733 3923 934 3978 Cra-cis
951 3925 1160 3992 ἆσπρον
1181 3925 1378 3991 album,
1404 3934 1453 3979 et
1482 3925 1628 3993 aspri
1653 3928 1859 3979 nummi

296 4031 490 4086 genus,
530 4027 582 4069 et
613 4015 908 4084 ἀσπρέζειν
937 4015 1199 4070 dealbare.
1280 4013 1282 4015 ’

371 4107 452 4161 Ib.
485 4107 664 4161 llabcs
696 4106 781 4159 liic
805 4104 1039 4174 βλάτιον,
1080 4105 1170 4159 ubi
1200 4103 1485 4159 manifeste
1514 4106 1730 4173 ponitur
1763 4121 1859 4174 pro

293 4199 406 4251 lato
438 4199 614 4262 spatio
633 4209 724 4250 seu
752 4208 848 4264 pro
885 4193 1178 4248 latitudine
1210 4192 1474 4246 scaranici
1499 4207 1514 4244 :
1537 4193 1643 4245 Dus
1677 4195 1857 4261 breite,

290 4293 353 4344 τὸ
381 4289 554 4341 πλατὺ
579 4286 672 4340 τοῦ
707 4287 1061 4357 σκαρανίκου.
1099 4282 1298 4350 Ibidem
1333 4284 1448 4351 lego
1480 4285 1858 4352 χρυσοκλαϐα-

296 4383 452 4450 ριιιόν
483 4379 895 4440 auriclaoatum,
931 4390 1037 4429 non
1077 4374 1670 4444 χρυσοκλαδάρικον.ιιι
1699 4377 1859 4429 habet

292 4470 515 4532 Junius,
579 4467 669 4538 qui
706 4483 826 4522 cum
859 4482 1015 4519 aureo
1054 4481 1201 4518 ramo
1237 4478 1332 4520 Seu
1375 4466 1674 4517 ramuscula
1709 4481 1855 4517 cum-

1974 3277 2312 3345 εὐσύμϐολον
2377 3279 2434 3329 τδ
2466 3279 2664 3348 χρῶμα
2723 3277 2902 3343 τοῦτο,
2957 3283 3144 3349 φησιν,
3215 3275 3532 3348 ὧβασίλεῠ,

1971 3369 2106 3421 ἀλλὰ
2158 3369 2424 3421 καὶ’>.ίειν
2482 3371 2622 3421 κατά
2652 3372 2751 3438 τὴν
2805 3371 2953 3437 ὥραν
3005 3372 3097 3423 τοῦ
3144 3373 3380 3441 πολέμου
3413 3375 3534 3436 ταῖς

1972 3456 2207 3522 ἀγαθαῖς
2271 3457 2463 3526 τύχαις
2519 3460 2904 3527 ἀντιπρᾶττον.
2963 3462 3135 3519 Αὐτὸς
3161 3462 3204 3514 δ’
3267 3464 3363 3516 ἐπὶ
3418 3464 3532 3524 τοῖς

1971 3535 2283 3616 εἰρημένοις
2334 3549 2506 3618 βραχὺ
2562 3553 2654 3604 καὶ
2697 3551 3053 3620 βεϐιατμένον
3098 3555 3400 3620 μειδιάσας,
3432 3555 3531 3627 τὴν

1971 3639 2339 3707 ὲτ-ιοωράκιον
2383 3644 2575 3711 σπλὴν
2605 3644 2802 3706 ἀποδὺς
2841 3645 3034 3714 ἐκείνῳ
3061 3647 3244 3699 δίδωσι
3278 3649 3533 3720 πυρφὺρᾳ

1962 3733 2068 3783 ’καὶ
2108 3735 2292 3802 χρυσῷ
2319 3735 2728 3804 διηνθισμένην.
2759 3738 2821 3789 At
2865 3755 2967 3792 non
2993 3749 3291 3794 castrorum
3320 3752 3528 3796 tantum

1970 3834 2024 3875 et
2049 3825 2285 3887 militia‘,
2322 3841 2508 3879 Vt'llllll
2543 3843 2759 3897 quoque
2789 3831 2936 3898 pacis
2965 3841 3015 3884 et
3035 3833 3199 3886 curia:
3235 3833 3529 3890 vestimen-

1969 3924 2081 3968 tum
2100 3927 2182 3970 est
2199 3916 2522 3987 ὲπιλώρικυν
2547 3936 2560 3983 ;
2583 3919 2727 3972 unde
2747 3927 2798 3971 et
2817 3921 3176 3990 quodcunque
3192 3922 3526 3992 liujusmodi,

1968 4009 2012 4061 si
2052 4009 2213 4061 modo
2271 4009 2502 4078 scissum
2544 4019 2624 4063 cst
2655 4020 2708 4063 et
2744 4012 3002 4075 divisum,
3043 4014 3145 4067 tale
3189 4030 3385 4069 nomen
3411 4031 3528 4070 sor-

1969 4101 2119 4154 titur.
2145 4099 2371 4156 Tzctzes
2409 4101 2607 4157 citatus
2633 4119 2646 4155 :
2709 4103 2885 4170 Φᾶρός
2912 4104 3025 4156 ἐστι
3075 4106 3134 4157 τὺ
3154 4090 3527 4176 διεσχισμένὸν

1971 4191 2208 4259 ἱμάτιον,
2246 4191 2272 4243 ὃ
2307 4190 2579 4262 καλοῦμεν
2607 4192 2956 4264 ἑπιλώρικον,
3000 4197 3094 4249 καὶ
3142 4200 3251 4250 πᾶν
3299 4201 3358 4250 τὸ
3384 4199 3526 4254 οὕτω

1964 4284 2359 4353 διεσχισμένον.
2405 4285 2608 4339 Auctor
2649 4301 2885 4356 quoque,
2919 4303 3041 4342 cum
3084 4289 3278 4358 placet,
3325 4295 3527 4362 asserit

1964 4375 2050 4429 liic
2081 4377 2212 4445 geri.
2242 4377 2376 4431 Cum
2447 4378 2697 4433 bellicum
2737 4389 2819 4434 est
2870 4389 3077 4434 tantum
3106 4395 3158 4436 et
3215 4393 3521 4439 castrormn

1967 4467 2269 4535 proprium,
2327 4469 2580 4523 κλίϐανον
2607 4483 2700 4524 aut
2731 4472 3009 4525 κλισᾶινιον
3036 4474 3242 4528 dictum
3286 4478 3526 4544 reperies

291 4579 390 4630 que
445 4561 597 4627 pictis
647 4557 900 4612 beliribus
964 4555 1193 4610 miriﬁce
1227 4571 1286 4609 se
1338 4555 1596 4610 oblectat.
1657 4555 1857 4610 ibidem
1896 4558 2103 4624 Dapud
2133 4556 2366 4610 Leonem
2409 4559 2464 4612 in
2520 4558 2756 4616 Tacticis
2803 4571 2852 4616 et
2913 4563 3154 4618 Nicetam
3207 4563 3526 4621 Gracobar-

293 4661 447 4722 lego:
519 4651 642 4703 Ἐπὶ
701 4649 894 4718 Θρὸνου
957 4647 1162 4715 χρυσοῦ
1220 4647 1518 4702 ditatis-.05.
1575 4647 1639 4700 In
1673 4649 1859 4701 throno

292 4752 456 4797 aureo
489 4742 720 4804 sublimi,
754 4742 804 4793 in
855 4756 1002 4807 quem
1036 4756 1125 4806 per
1153 4739 1358 4807 aliquos
1395 4738 1589 4808 gradus
1622 4740 1862 4793 ascendi-

303 4852 410 4894 tur.
456 4837 727 4893 Lectionis
767 4836 996 4903 vulgatte
1045 4841 1201 4902 aptus
1247 4848 1440 4887 sensus
1470 4832 1616 4886 reddi
1654 4833 1858 4902 nequit.

293 4932 498 4988 Gut-Lis.

370 5023 456 5080 Ib.
487 5021 921 5095 [Substantivum
944 5019 1214 5074 ἁνάὅατον
1246 5019 1561 5089 fermentum
1587 5027 1685 5082 est,
1710 5017 1855 5088 quod

295 5133 359 5172 eo
387 5114 861 5185 turgeathinlletur
889 5123 940 5166 et
964 5115 1220 5166 ascendat
1242 5127 1446 5165 massa.
1479 5109 1613 5165 Hine
1639 5127 1852 5180 azyma,

295 5205 550 5263 sacritieii
607 5205 712 5258 ritu
752 5203 942 5258 Latino
972 5203 1227 5257 celebrati
1271 5204 1574 5264 materiam,
1601 5200 1859 5254 λειπανάο
1944 5240 1949 5245 .

255 5352 262 5360 ,
295 5302 458 5364 σπι,
514 5300 712 5369 quibus
755 5297 1083 5350 fermentum
1119 5294 1292 5358 deest,
1325 5294 1630 5347 vocitavere
1657 5291 1855 5346 Graeci.

296 5393 640 5460 Adjeetivum
693 5387 961 5449 ἀναϐατός
995 5387 1194 5438 throno
1239 5398 1510 5437 anueaum
1564 5384 1853 5436 st-ansilim

296 5495 422 5536 eum
477 5490 529 5533 et
552 5479 844 5534 elevatum.
867 5485 916 5528 ut
953 5477 1008 5527 ὲν
1032 5472 1325 5542 προκύψει,
1349 5472 1414 5524 de
1438 5485 1543 5539 qua
1577 5485 1674 5526 nos
1703 5472 1856 5536 alibi,

293 5575 652 5628 demonstrat.
689 5565 890 5637 Go.\tt.]

371 5670 429 5723 l’.
461 5668 552 5719 (Ξὲ.
596 5663 956 5731 Ἐπιλιὶιρικον
992 5675 1084 5713 seu
1119 5658 1464 5728 ἐπιλούρικον
1495 5666 1547 5709 et
1583 5654 1856 5722 ὲπιλουρί·

300 5747 441 5814 sum.
479 5760 587 5812 Viri
621 5761 782 5818 docti,
831 5755 1004 5820 inquit
1038 5752 1403 5810 Glossarium,
1441 5747 1492 5799 id
1530 5756 1610 5801 est
1640 5745 1854 5806 Junius.

297 5859 711 5923 interpretantur
773 5857 1081 5916 pra’tcxtam
1119 5846 1359 5895 vittatam
1411 5840 1555 5892 loris.
1614 5837 1733 5889 Non
1765 5842 1855 5890 de-

616 5950 886 6008 i’s'rttoL.
935 5948 1044 6006 Gtt.
1089 5941 1323 6000 tZLVll.

1967 4648 2160 4701 barum
2198 4648 2316 4702 loco
2359 4651 2614 4718 superius
2671 4653 2939 4708 adducto:
2985 4654 3130 4708 Ἰδὼν
3158 4656 3214 4708 δὲ
3247 4656 3275 4707 ὀ
3311 4658 3528 4726 Γασρᾶς

1963 4741 2053 4792 καὶ
2083 4741 2141 4790 τὸ
2175 4743 2359 4795 ἐπάνω
2395 4743 2670 4810 κλίϐανον,
2717 4745 2744 4798 ὁ
2779 4748 2806 4798 ὁ
2863 4744 3117 4814 βισιλεὺς
3169 4748 3357 4802 ἐπάνω
3412 4750 3525 4802 τῶν

1964 4833 2229 4901 ἁρμάτων
2299 4834 2462 4887 αὐτοῦ
2509 4836 2715 4905 ἐφόρει.
2773 4839 2843 4890 At
2897 4839 2962 4892 de
2991 4840 3207 4893 clibano
3233 4840 3385 4894 alibi.
3417 4842 3527 4893 Cur

1929 4938 1935 4944 ·
1965 4930 2217 4975 caeterum
2256 4933 2447 4977 auctor
2493 4923 2862 4994 ὲπιλούρικον,
2891 4926 2980 4978 alii
3032 4942 3160 4982 vero
3192 4926 3524 4997 ὲπιλώρικον

1961 5015 2226 5078 scribant,
2252 5016 2557 5082 expositum
2592 5017 2829 5086 reperies
2855 5016 3158 5086 superioris
3178 5019 3371 5090 capitis
3396 5029 3521 5074 nuta

1962 5109 2026 5162 ad
2053 5124 2103 5174 p.
2141 5106 2226 5162 Η.

2033 5201 2111 5255 Ib.
2151 5201 2289 5272 [Τοῦ
2332 5199 2599 5269 μεγάλου
2657 5200 3055 5270 ἐταιριάρχου.
3125 5200 3280 5257 Illinc
3307 5217 3526 5272 quoque

1960 5295 2175 5365 cingulo
2197 5293 2416 5346 militari
2439 5293 2704 5360 (pretioso
2727 5295 2912 5361 utique
2938 5303 2990 5348 et
3013 5293 3334 5361 conspicuo)
3357 5295 3497 5347 dona

1962 5391 2073 5435 tmn
2121 5380 2365 5447 suggerit
2418 5381 2634 5434 Nicetas
2669 5381 2720 5434 in
2772 5381 2963 5434 Alexio
3004 5380 3266 5436 Manuelis
3310 5379 3378 5434 F:
3417 5382 3526 5434 Καὶ

1960 5472 2058 5538 τὴν
2079 5472 2173 5537 τῆς
2204 5470 2586 5540 ἑταιραρχείας
2611 5470 2788 5539 ζώνην
2817 5470 2980 5538 ἔχειν.

2035 5562 2117 5616 Ib.
2157 5562 2663 5635 [Χρυσοηέρτινον.
2702 5564 2865 5617 Aurei
2899 5563 3185 5634 glaucique
3213 5561 3414 5620 coloris
3443 5561 3524 5614 in.

1961 5652 2288 5703 termistum.
2311 5650 2508 5721 ϐολὴ]

2036 5742 2118 5797 Ib.
2157 5744 2480 5807 αι’(ικεωλίς.
2508 5756 2562 5799 et
2593 5746 2730 5799 infra
2779 5762 2831 5800 c.
2853 5748 2884 5801 6
2904 5749 3226 5816 φακεώλιον,
3263 5745 3524 5801 scribitur

1963 5834 2123 5889 etiam
2161 5834 2447 5902 φακεὸλιον
2476 5846 2525 5891 et
2563 5839 2861 5905 φακιόλιον.
2895 5838 3091 5894 Junius
3135 5839 3334 5909 ubique
3364 5835 3525 5892 vertit

3133 5940 3170 5998 9
