4252 6444
280 415 396 482 289

1374 411 1756 473 GRETSERI
1801 411 1888 476 ET
1933 412 2162 472 60AM
2205 411 2437 478 ΝΟΤᾹΞ-

3431 401 3534 466 270

285 543 478 586 ratur:
513 540 595 584 est
626 529 772 584 enim
809 527 968 581 trulla
1001 543 1095 584 seu
1133 529 1332 581 trullen
1368 543 1460 582 seu
1523 529 1711 580 trulios
1747 527 1858 580 ior-
1889 534 1928 586 Α
1962 539 2095 598 gunt
2121 529 2270 582 vocis
2327 527 2487 595 hujus
2547 537 2787 577 sensum.
2857 519 3156 574 Sirmnaste
3205 516 3531 577 siromastcn

290 623 378 674 nix
416 622 529 675 sive
561 621 984 681 concaineratio,
1037 630 1098 672 ut
1155 626 1307 688 patet
1339 634 1403 672 ex
1457 619 1664 672 Codino
1714 620 1750 671 l.
1794 619 1860 673 de

284 710 556 783 Originib.
586 712 910 782 Cpolitanis,
938 712 1026 766 ubi
1057 711 1167 780 agit
1191 709 1257 765 de
1278 711 1437 766 trulla
1465 710 1666 781 Magnae
1691 712 1861 765 eet-le-

283 808 382 860 οἰκ
406 811 720 859 constructa
754 820 782 858 a
822 797 1130 859 Iustiniano
1177 812 1232 858 et
1284 811 1533 872 reparata
1561 817 1590 857 a
1616 801 1856 857 Iustino.

286 897 423 952 Hinc
451 897 613 951 etiam
642 897 884 967 synodus
936 893 1198 951 Trullana
1253 907 1350 949 seu
1386 896 1438 948 in
1489 893 1698 956 Trulla,
1729 894 1857 965 quia

285 990 472 1043 habita
502 1000 584 1044 est
616 990 664 1042 in
691 990 982 1043 secretario
1026 987 1233 1058 palatii,
1264 988 1405 1058 quod
1467 988 1768 1050 trullatum,
1801 997 1858 1041 ut

284 1083 364 1137 sic
386 1081 587 1146 dicam,
605 1097 701 1135 seu
731 1081 1176 1135 concamaratum
1201 1088 1337 1151 erat.
1370 1078 1546 1134 Verbo
1573 1079 1860 1150 τρουλ).οῦ-

287 1176 410 1230 σθαι
435 1190 535 1245 pro
550 1172 1052 1242 truttbm'wdiﬁcare
1082 1174 1248 1228 utitur
1265 1173 1502 1229 Codiuus
1523 1173 1560 1227 l.
1582 1189 1630 1228 c.
1652 1172 1854 1230 Gns'rs.

359 1266 630 1338 [Τροῠλαν
676 1271 792 1324 sive
819 1266 1085 1337 τροῦλλαν
1115 1276 1170 1322 et
1225 1266 1482 1335 τροῦλλον
1506 1281 1858 1320 concamera-

287 1359 401 1412 tuin
431 1373 570 1427 opus
603 1358 806 1413 referre
830 1357 1012 1412 nullus
1044 1357 1276 1427 ignorat.
1306 1355 1436 1409 Eam
1477 1356 1546 1411 ob
1575 1371 1687 1411 rem
1728 1357 1853 1425 pilei

285 1466 395 1519 qua
433 1451 704 1505 clauditur
752 1460 805 1504 et
855 1450 1010 1518 quasi
1065 1456 1500 1512 concameratur,
1535 1463 1644 1501 non
1697 1449 1854 1503 modo

287 1555 556 1594 summam
584 1547 788 1609 partem
820 1538 1024 1608 τροῦλα
1074 1538 1367 1608 signiﬁcat,
1407 1538 1500 1593 sed
1563 1546 1733 1591 totum
1772 1538 1855 1605 pi-

286 1634 455 1695 lcum,
483 1632 576 1701 qui
608 1641 751 1686 totus
793 1631 1034 1701 τροῦλα;
1083 1631 1243 1699 cujus
1274 1629 1690 1698 descriptionem
1722 1629 1856 1684 satis

287 1725 467 1792 ample
496 1723 783 1793 posuimus
814 1722 1011 1791 capitis
1069 1721 1374 1790 superioris
1408 1721 1555 1774 notis
1589 1722 1763 1786 prima
1799 1729 1854 1774 et

287 1816 526 1870 secunda
553 1833 567 1882 ;
597 1817 812 1886 ἀήρψιο
853 1815 904 1867 in
932 1813 1173 1868 secunda
1229 1823 1588 1876 memoratus,
1647 1823 1729 1868 est
1758 1812 1851 1883 qui

1959 625 2208 690 exploro,
2243 631 2295 675 et
2341 621 2488 674 velut
2538 612 3142 680 κλεπτοτςλωνούμενον
3189 612 3240 664 in
3279 611 3530 667 obscuris

1960 713 2174 768 Tzetzis
2203 712 2536 766 carminibus
2568 708 2730 780 (Chii.
2762 707 2846 768 15,
2879 706 2963 760 tit.
2988 703 3113 776 492)
3137 704 3243 756 νοῶ
3274 705 3368 757 καὶ
3393 720 3529 772 κρα-

1957 805 2053 857 τῶ.
2078 803 2467 859 Mercatoribus
2489 817 2551 856 ex
2587 801 2810 856 Oriente
2838 812 3049 854 merces
3107 797 3530 867 exportantibus

1960 911 2066 950 non
2098 897 2246 965 prius
2273 895 2401 950 licet
2436 910 2528 950 eas
2561 895 2614 948 in
2639 907 2804 948 naves
2829 903 3126 960 congerere
3177 890 3262 944 vel
3287 904 3316 944 e
3361 897 3527 959 portu

1958 990 2250 1052 abducere,
2283 1003 2448 1057 quam
2505 985 2861 1054 vectigalibus
2921 982 3239 1052 colligendis
3287 982 3528 1052 praefecti

1957 1061 2182 1151 sagmas
2200 1098 2392 1136 omnes
2425 1091 2479 1137 et
2507 1096 2634 1136 vasa
2667 1079 2998 1136 examinant.
3057 1093 3120 1132 ne
3164 1077 3531 1147 pretiosiores

1960 1173 2040 1228 vel
2088 1174 2364 1243 exportari
2404 1157 2707 1242 prohibitas
2766 1171 2868 1226 sub
2929 1169 3211 1224 vilioribus
3259 1182 3307 1224 et
3367 1167 3532 1248 licitis

1956 1267 2234 1321 occultent
2257 1266 2532 1329 illi,utita
2564 1266 2648 1320 vel
2703 1266 2768 1320 de
2826 1264 3173 1336 vectigalium
3225 1265 3399 1333 pretio
3439 1265 3535 1316 de-

1960 1359 2206 1414 fraudent
2234 1361 2312 1412 vel
2338 1359 2561 1428 principi
2581 1360 2748 1423 legem
2773 1356 2960 1412 ferenti
2988 1357 3243 1412 subtilius
3269 1339 3528 1411 illudant.

1959 1449 2262 1518 Exploraut
2296 1451 2484 1518 itaque
2534 1451 2815 1518 publicani
2850 1465 3066 1520 sagmas
3107 1460 3159 1503 et
3182 1459 3362 1504 strues
3410 1464 3529 1502 sar-

1958 1540 2220 1604 cinarias.
2253 1549 2308 1595 et
2343 1541 2625 1610 colligatas
2661 1541 3014 1610 quantumvis
3061 1540 3413 1593 strictissime
3445 1541 3528 1592 vel

1957 1631 2539 1701 tenacissimejunctas
2560 1633 2720 1702 longo
2742 1641 3008 1700 acutoque
3032 1631 3172 1685 ferro
3195 1632 3527 1700 perfodiunt,

1956 1735 2004 1780 et
2038 1741 2200 1780 sensu
2227 1723 2368 1779 duce
2401 1725 2845 1792 experientiaque
2895 1725 3180 1792 magistra,
3241 1723 3384 1792 quod
3418 1724 3532 1792 ipse

1955 1816 2073 1871 visu
2100 1832 2220 1871 sum
2244 1824 2521 1886 expertus.
2548 1830 2676 1868 num
2727 1815 2904 1869 serica
2940 1816 3024 1869 lila
3057 1817 3202 1869 verbi
3250 1831 3414 1870 causa
3434 1799 3535 1870 sub

289 1907 496 1962 dicitur
523 1907 575 1960 in
605 1906 853 1974 praesenti
884 1905 1054 1974 ἄκρον
1088 1902 1185 1956 τοῦ
1243 1904 1509 1969 σκιαδίου,
1545 1904 1710 1971 γῦρος
1759 1907 1856 1975 τῆς
1889 1893 1933 1955 Β
1963 1930 1968 1973 ε

1854 1923 1856 1960 :
1889 1893 1933 1955 Β
1963 1907 2259 1977 gossipinis
2307 1909 2389 1961 vel
2425 1907 2638 1961 metalla
2671 1908 2770 1962 sub
2792 1921 2930 1961 certe
2980 1922 3157 1960 massa
3195 1907 3418 1968 lateant,
3456 1908 3533 1960 iu-

288 2001 523 2069 τροῦλης
535 2039 546 2052 .
580 2000 729 2054 Gosn
757 1997 776 2070 ]

359 2096 422 2148 Ρ.
472 2095 562 2147 25.
619 2092 844 2146 Variant
896 2075 1243 2145 liic"'codices
1308 2089 1479 2151 Boici.
1560 2097 1618 2143 ut
1674 2088 1858 2142 notavi

291 2188 421 2240 olim
463 2188 515 2239 in
559 2185 704 2239 notis
740 2185 805 2237 ad
840 2182 1132 2237 Codinum.
1172 2182 1276 2237 Sed
1316 2198 1402 2236 res
1444 2183 1576 2236 tanti
1611 2195 1715 2236 non
1746 2188 1859 2244 est;

293 2281 508 2343 vulgata
539 2277 699 2330 lectio
735 2275 902 2343 proba
935 2275 1087 2327 mihi.

363 2370 423 2433 Ρ,
463 2370 555 2423 ει.
589 2369 937 2422 Siromasteu.
980 2366 1174 2422 Junius
1201 2380 1306 2420 non
1362 2373 1505 2419 recte
1537 2366 1860 2435 interpreta-

293 2475 382 2517 tur
409 2463 634 2530 ferream
661 2461 887 2522 elevant,
922 2469 980 2513 ut
1012 2468 1160 2528 patet
1192 2473 1256 2512 ex
1287 2475 1336 2513 c.
1372 2457 1441 2512 25
1471 2457 1858 2524 Numerorum,

295 2557 386 2609 ubi
405 2554 682 2622 Scriptura
703 2553 767 2606 de
794 2551 1023 2605 Pltinees
1049 2567 1063 2605 :
1087 2551 1197 2604 Καὶ
1215 2549 1396 2604 λαϐὼν
1425 2552 1790 2621 σειρομάστην
1805 2553 1862 2603 ὲν

297 2651 362 2717 τῇ
399 2649 571 2716 χειρί,
604 2654 718 2699 etc.
746 2644 855 2696 Καὶ
882 2643 1257 2713 ἁπεκέντησεν
1279 2643 1647 2712 ἀμφοτέρους,
1679 2643 1770 2695 τόν
1803 2659 1861 2694 τε

293 2741 582 2810 ἄνθρωπον
612 2737 702 2790 τὸν
749 2734 1094 2806 ’Ῑσριηλίτην
1125 2737 1221 2788 καὶ
1250 2736 1350 2804 τὴν
1382 2738 1619 2803 γυναῖκα
1645 2736 1737 2788 διὰ
1763 2735 1864 2805 τῆς

299 2835 510 2902 μήτρας
539 2832 730 2896 αὐτῆς.
764 2828 877 2882 Νοη
908 2843 1035 2896 ergo
1064 2828 1163 2880 l'uit
1193 2826 1363 2892 clava,
1393 2826 1487 2880 sed
1516 2827 1598 2879 vel
1620 2826 1858 2895 jaeulum

294 2925 376 2977 Vel
415 2927 594 2977 hasta.
651 2921 784 2974 llinc
813 2919 1003 2987 Aquila
1053 2919 1214 2971 vertit
1263 2919 1470 2981 κοντόν,
1503 2919 1861 2988 Symmachus

290 3019 444 3086 δόρυ.
508 3016 734 3083 Vulgata
795 3013 998 3069 editio:
1056 3015 1279 3081 Arrepto
1334 3012 1558 3080 pugione
1628 3012 1860 3079 confodit

295 3110 497 3162 ambos.
560 3106 778 3161 Notavit
821 3107 966 3160 hunc
1022 3103 1170 3158 Junii
1203 3118 1442 3157 errorem
1491 3101 1762 3180 Rigaltius’
1807 3102 1858 3155 in

290 3200 535 3254 Glossar.
573 3213 626 3252 ν.
692 3196 1038 3251 Siromastes.
1085 3195 1239 3264 Apud
1271 3194 1598 3253 Cedrenum,
1641 3209 1695 3262 p.
1730 3194 1855 3256 700,

293 3291 400 3344 Leo
431 3290 752 3344 Melissenus
785 3287 1028 3355 increpat
1082 3285 1304 3340 fratrem
1355 3284 1513 3354 243
1567 3286 1856 3354 Theoguo-

292 3391 462 3444 stum,
498 3395 563 3434 ne
591 3379 906 3448 imperatori
947 3378 1267 3441 maledicat;
1325 3392 1430 3431 non
1462 3379 1851 3446 obtemperanti

295 3477 554 3547 imposuit
585 3474 791 3542 aliquot
832 3472 1014 3541 plagas
1045 3485 1141 3525 seu
1174 3470 1332 3533 ictus,
1358 3472 1452 3524 τὸν
1486 3472 1855 3539 σειρομάστην

294 3571 555 3631 ἐντείνας.
615 3565 674 3619 S.
722 3564 1103 3632 Hieronymus,
1159 3562 1320 3630 epist.
1374 3562 1480 3616 55:
1555 3560 1678 3630 Legi
1719 3562 1856 3614 enim

290 3667 604 3719 siromasteu
669 3658 908 3721 Phinees,
959 3656 1324 3708 austeritatem
1391 3653 1594 3719 Helite;
1653 3655 1743 3707 ubi
1802 3663 1858 3708 et

293 3759 406 3826 ipse
434 3769 529 3823 pro
557 3754 709 3806 hasta
733 3750 941 3804 videtur
972 3750 1297 3804 siromasten
1332 3748 1598 3815 accipere.
1628 3746 1850 3814 Josepn.

293 3847 476 3914 Antiq.
511 3859 584 3906 tv,
617 3842 672 3901 6.
710 3841 868 3894 vertit
896 3840 1254 3908 romplnzam:
1297 3837 1479 3888 Ilain
1508 3838 1574 3906 τῇ
1610 3838 1858 3908 ῥομφαίᾳ

296 3939 611 3992 ἀπέκτεινε⁸
656 3932 963 4003 Hesychius
990 3932 1067 3984 ait
1116 3929 1484 3998 σειρομάστην
1542 3943 1664 3984 esse
1719 3925 1857 3992 εἶδος

295 4031 518 4098 λόγχης.
573 4026 630 4079 S.
677 4024 842 4078 'llier.
874 4024 928 4077 in
984 4037 1034 4075 c.
1096 4022 1132 4074 2
1171 4021 1399 4076 Malach.
1459 4021 1853 4090 interpretatur

296 4119 665 4188 σειρομάστην
685 4115 980 4183 pugionem,
1013 4119 1072 4165 ut
1101 4121 1155 4166 et
1187 4111 1349 4166 Num.
1388 4128 1512 4176 xxv;
1547 4121 1602 4165 at
1631 4111 1699 4166 lll
1726 4113 1856 4182 Reg.

300 4211 382 4267 t8.
412 4219 466 4264 et
521 4209 558 4262 l.
599 4207 688 4268 IV.
723 4222 775 4261 c.
809 4205 1153 4269 ll,-Itastam.
1192 4204 1389 4258 Suidas
1432 4221 1446 4259 :
1483 4205 1861 4276 Σειρομάστης

294 4298 435 4363 εἶδος
467 4301 744 4362 ἀκοντίου,
780 4298 970 4368 λόγχη.
1023 4294 1263 4351 Joannes
1315 4297 1541 4352 Tzetzes
1583 4316 1596 4352 :
1667 4301 1861 4352 Πολλοὶ

299 4393 398 4461 μὲν
420 4393 480 4443 τὸ
506 4390 755 4444 ἀκόντιον
788 4389 1016 4442 καλοῦσι
1059 4389 1434 4459 σειρομάστην
1502 4389 1691 4459 ὥσπερ
1757 4379 1861 4445 ἐὰν

294 4487 360 4552 τῇ
387 4483 571 4540 Φινεὲς
611 4483 812 4534 νοεῖται
845 4479 1084 4551 ἱστορίᾳ,
1118 4492 1249 4544 etc.,
1315 4481 1527 4550 κυρίως
1583 4483 1639 4534 δὲ
1708 4484 1863 4553 σιδή-

1968 1999 2194 2067 quirunt
2223 2007 2277 2052 et
2303 1999 2714 2067 deprehendunt
2738 2017 2750 2064 ;
2774 2008 2830 2052 ιιι
2851 1997 3040 2052 fraude
3070 2008 3348 2064 comperta
3368 2000 3533 2050 multa

1968 2091 2280 2160 pecuniaria
2308 2091 2390 2146 vel
2418 2090 2732 2145 verberibus
2765 2091 3017 2145 dolorum
3040 2075 3277 2144 artiﬁces
3307 2092 3539 2157 punian-

1968 2189 2078 2247 tur,
2110 2198 2172 2247 a_c
2201 2183 2489 2252 regiojure
2521 2183 2872 2236 detineantur
2900 2198 3110 2237 merces
3133 2194 3187 2236 et
3213 2183 3538 2238 addieantur

1969 2276 2125 2330 ﬁsco.
2149 2276 2409 2332 Verutum
2438 2285 2620 2331 autem
2654 2277 2785 2331 illud
2819 2276 3037 2347 longius
3072 2287 3124 2331 et
3185 2279 3426 2343 acutius,
3475 2294 3538 2333 ex

1969 2369 2149 2438 aliqua
2179 2385 2300 2423 cum
2327 2370 2566 2439 pugione,
2594 2370 2716 2433 telo,
2745 2369 2898 2421 kasta
2963 2369 3343 2433 similitudine,
3373 2387 3542 2436 σειρο-

1973 2463 2181 2532 μάστης
2210 2465 2290 2516 vel
2320 2462 2665 2530 σειρομάστις
2696 2460 2882 2515 audit:
2918 2465 3044 2530 quia
3069 2475 3196 2516 vero
3220 2465 3542 2533 praecipitem

1972 2566 2336 2608 mercatorum
2385 2553 2436 2605 in
2470 2553 2825 2622 exportandis
2873 2555 3146 2608 mercibus
3206 2555 3541 2624 diligentiam

1970 2647 2218 2714 reprimit
2241 2654 2294 2698 el
2313 2644 2528 2698 fraudes
2551 2655 2790 2710 coercet,
2810 2645 3034 2700 σαλίὸσν
3057 2647 3138 2701 vel
3159 2648 3409 2719 σαλιϐἁρι
3430 2653 3540 2702 vul-

1969 2753 2069 2808 gus
2127 2736 2386 2806 appellat,
2439 2739 2645 2806 [renum
2703 2737 2972 2793 videlicet.
3017 2737 3179 2794 Hisce
3245 2745 3544 2809 perspectis

1971 2829 2046 2883 nil
2080 2828 2412 2882 diﬂicultatis
2439 2837 2682 2882 remanet
2734 2827 2788 2882 in
2822 2828 3016 2883 Tzetze
3053 2833 3544 2902 ahsqneinterpre-

1972 2922 2178 2976 talione
2201 2935 2229 2974 a
2256 2919 2492 2988 Rigaltio
2513 2919 2754 2973 Meursio
2776 2931 2828 2973 et
2856 2921 3136 2982 Gretsero,
3161 2922 3432 2984 relato,nil
3451 2926 3544 2979 oh-

1973 3009 2252 3062 scuritatis
2279 3010 2330 3060 in
2357 3007 2650 3077 Hesychia,
2676 3008 2750 3060 nil
2779 3009 2921 3076 quod
2949 3024 3153 3062 moram
3185 3011 3344 3065 faciat
3369 3014 3420 3066 in
3445 3014 3537 3068 Co-

1971 3101 2118 3152 dino.
2144 3099 2450 3169 Hesychius
2488 3117 2500 3150 :
2534 3100 2906 3169 Σειρομάστης
2957 3101 3149 3163 σκεῦός
3168 3119 3220 3154 τι
3272 3087 3545 3176 σιδηροῦν,

1971 3192 2106 3261 ὅπερ
2129 3193 2178 3244 οἱ
2208 3192 2824 3261 τελῶναιττρδςὲρευναν
2868 3194 3074 3264 ἔχουσιι
3118 3194 3287 3265 λαϐὴν
3331 3196 3545 3268 ξυλίνην

1967 3283 2237 3353 ἕχον.(]υι-
2262 3284 2390 3337 illud
2426 3283 2476 3336 in
2500 3300 2634 3339 zoua
2679 3294 2830 3355 gerat
2884 3287 3154 3352 tzausius,
3188 3290 3312 3343 alibi
3370 3292 3545 3347 discu-

1970 3376 2154 3428 timus.
2191 3372 2338 3428 Cum
2370 3373 2389 3445 ἶ

2038 3462 2122 3515 Ib.
2174 3463 2506 3531 Ἀμηράλιος
2547 3475 2600 3519 et
2657 3468 2947 3538 ἀμηράλης
2970 3475 3249 3539 prazléctus
3273 3475 3454 3540 maris,
3479 3493 3547 3531 ex

1973 3559 2210 3614 Arabico
2232 3562 2406 3614 amira
2437 3577 2532 3616 seu
2562 3567 2784 3628 amirus,
2821 3565 2999 3635 inquit
3027 3566 3245 3636 Junius,
3271 3581 3326 3625 et
3358 3572 3546 3627 Graeco

1973 3651 2119 3715 ἅλιος
2151 3653 2415 3706 marinus.
2448 3653 2647 3709 Credat
2670 3658 2761 3725 qui
2794 3659 2938 3712 volet
2970 3678 2984 3713 :
3019 3675 3119 3730 ego
3142 3677 3424 3718 assensum
3449 3680 3546 3718 cu-

1968 3742 2150 3798 hibeo.
2185 3744 2548 3818 Transiitvox
2582 3748 2694 3813 haec
2729 3749 2792 3803 ad
2827 3751 3035 3815 Gallos,
3079 3753 3241 3808 Italos
3271 3767 3324 3810 et
3379 3758 3544 3817 alios.

1967 3837 2168 3904 quibus
2193 3839 2821 3909 amirnlest'pratfectus
2871 3847 3038 3900 maris
3083 3862 3176 3900 seu
3224 3849 3543 3905 thalassiar-

1970 3928 2127 3982 chus.
2155 3929 2310 3994 Quod
2340 3944 2537 3984 nomen
2569 3932 2682 3987 sive
2721 3934 2965 3987 absolute
2991 3951 3090 4004 pro
3121 3938 3368 4008 principe
3403 3957 3536 4007 geu-

1973 4020 2042 4073 tis
2064 4019 2177 4074 sive
2204 4036 2302 4089 pro
2333 4020 2589 4089 prazfccto
2641 4027 2805 4079 maris
2854 4027 3178 4096 accipiatur,
3233 4033 3458 4088 mia-ilice
3509 4054 3537 4086 a

1971 4111 2180 4167 Latinis
2209 4114 2572 4182 scriptoribus
2594 4118 2859 4180 variatur,
2900 4121 3181 4175 utostendi
3222 4123 3385 4194 2M
3407 4137 3437 4178 ll
3462 4108 3536 4180 tu.

1970 4203 2013 4255 ll
2040 4204 2105 4258 de
2136 4205 2195 4259 S.
2215 4205 2592 4270 Cruce,c.12.
2611 4208 2857 4280 ’Λμηρᾶς
2875 4213 3122 4282 princeps
3149 4223 3249 4276 est,
3277 4220 3535 4270 usitatum

1973 4309 2172 4348 nomen
2203 4297 2344 4366 apud
2374 4297 2784 4356 Mahometanos
2814 4303 3035 4369 Arabes,
3058 4314 3114 4358 ut
3142 4315 3194 4364 ct
3228 4308 3500 4377 ἀμηραῖοῖ
3522 4353 3535 4376 ,

1973 4387 2222 4452 quamvis
2253 4397 2305 4440 et
2330 4390 2432 4442 hoc
2459 4390 2559 4444 sub
2592 4407 2770 4446 amera
2797 4385 3033 4447 iuinores
3079 4397 3244 4451 duces
3302 4400 3542 4454 dt'ltolt‘t.

1973 4478 2285 4546 Sigebertus
2315 4481 2366 4533 in
2425 4481 2740 4536 Chronico:
2803 4481 2868 4536 In
2937 4503 3092 4556 regno
3153 4489 3543 4552 Saracenorum

298 4591 413 4643 ριον
447 4573 556 4627 τῶν
583 4571 835 4626 τελωνῶν
868 4573 1126 4640 ὑπάρχει,
1157 4571 1231 4635 ὡς
1271 4572 1443 4641 μέγας
1471 4575 1753 4636 “etiam;
1780 4593 1862 4637 τις
1882 4593 1946 4651 ,Β
1974 4598 1977 4618 ι

1858 4593 1946 4651 ;.D
1974 4581 2200 4636 quatuor
2234 4582 2483 4642 prwtores
2534 4577 2742 4638 statuit,
2777 4579 2865 4646 qui
2937 4580 3143 4634 amirtei
3199 4583 3537 4648 vocabantur,

296 4659 340 4732 ᾧ
377 4666 707 4734 πλήττοντες
739 4666 864 4726 τοὺς
891 4664 1125 4726 σάκκους
1152 4665 1222 4716 τὲ
1280 4665 1868 4734 κλεπτοτελωνούμενα

295 4758 480 4809 νοοῦσι
506 4759 602 4810 καὶ
650 4755 962 4824 κρατοῦσιν.
1011 4754 1233 4810 Videtur
1255 4759 1502 4815 omnium
1539 4755 1868 4812 commodis-‘-

296 4851 442 4905 sitne
476 4850 610 4903 verti
681 4848 827 4917 apud
869 4848 1247 4915 Curopalatam
1309 4850 1471 4902 telum
1541 4865 1633 4905 seu
1691 4853 1868 4921 pugio,

297 4940 745 5011 quandoquidem
777 4941 1091 4996 siromastes
1123 4939 1402 4994 ferebatur
1434 4957 1460 4994 a
1490 4958 1684 5012 magno
1715 4954 1872 4997 tzau-

296 5035 379 5089 sio
410 5048 478 5087 ex
510 5033 729 5087 sinistra
761 5043 911 5102 parte
958 5048 1126 5089 zonae.
1162 5034 1248 5088 Ait
1284 5034 1524 5088 Cedimus
1560 5035 1705 5089 hunc
1738 5037 1874 5090 siro-

299 5137 507 5180 masteu
540 5126 699 5193 vulgo
725 5125 910 5178 vocari
973 5124 1220 5180 “libant.
1258 5123 1369 5178 Leo
1409 5127 1538 5194 imp.
1572 5126 1864 5182 Coustitut.

299 5219 328 5269 7
356 5236 368 5270 :
406 5217 500 5280 Εἰς
531 5218 594 5270 τὸ
632 5216 794 5286 ῥῖψαι
819 5217 1061 5285 μηκόθεν
1109 5219 1395 5286 ῥιπτάριον
1429 5220 1524 5270 καὶ
1559 5219 1871 5287 ματζοὸἁρ-

296 5310 509 5372 ϐουλον,
541 5310 680 5378 ὅπερ
711 5309 935 5375 λέγεται
966 5310 1061 5360 νῦν
1097 5309 1292 5361 σελίδα
1327 5310 1359 5378 ἢ
1396 5312 1489 5362 καὶ
1523 5312 1871 5382 τζηκούριον.

294 5400 634 5456 Glossarium
667 5402 861 5454 scribit
905 5400 1408 5469 μαρτζομάόουλον.
1463 5402 1775 5473 Anon’ytntts
1806 5405 1872 5457 de

296 5491 438 5545 bello
465 5503 658 5542 sacro:
690 5489 927 5552 Σαλίὸας
962 5486 1108 5557 εἶχον
1158 5492 1479 5557 τουρκικάε.
1513 5490 1708 5546 Junius
1745 5493 1876 5547 dicit

296 5581 528 5633 σελίσιν
579 5595 700 5635 esse
729 5595 916 5635 vocem
967 5582 1278 5636 Arabicain.
1322 5575 1388 5634 Λί
1445 5586 1722 5651 φιοιηοιιο
1775 5587 1876 5641 scit

292 5687 419 5725 esse
449 5671 763 5728 Arabic’atn.
797 5685 921 5724 cum
954 5675 1161 5725 nesciat
1210 5673 1339 5740 quid
1395 5674 1707 5743 signiticet?
1754 5675 1871 5729 Non

292 5765 440 5816 enim
477 5772 561 5818 est
589 5764 854 5818 militaris
879 5765 1056 5826 clava,
1086 5775 1144 5817 ut
1177 5775 1318 5817 ante.
1353 5766 1614 5818 diximus.
1657 5766 1863 5821 Gnsrs.

373 5854 774 5929 [Indicantqui
801 5857 1434 5925 Mcursiumsetpiuntur,
1473 5868 1524 5911 at
1568 5873 1671 5913 non
1709 5860 1868 5913 attin-

1973 4665 2081 4730 ipse
2098 4680 2214 4718 vero
2237 4669 2436 4717 amiras
2462 4667 2749 4719 vocabatur
2776 4669 2849 4720 vel
2876 4674 3324 4740 protosymbulus.

2044 4754 2129 4809 Ib.
2200 4758 2332 4809 Ἐπὶ
2387 4758 2506 4811 τῶν
2549 4759 2838 4825 δεήσεων.
2877 4761 2949 4816 Ita
2972 4777 3196 4819 omnino
3233 4767 3539 4836 legentum,

1971 4857 2025 4902 et
2046 4849 2173 4901 illud
2193 4851 2285 4901 ἐπὶ
2307 4850 2412 4901 τῶν
2434 4851 2700 4903 δικάσεων
2729 4854 2912 4920 procul
2939 4857 3307 4925 relegandum.
3338 4862 3539 4918 GRl-I'I‘S.

2048 4941 2133 4996 Ib.
2201 4941 2587 5014 [Χειρόρτιον.
2657 4942 2841 4997 Simon
2914 4946 3538 5018 Portius:Cltirotltecu,

1973 5035 2216 5104 χερόκτι,
2252 5037 2492 5105 χερόρτι,
2528 5037 2849 5106 χειροθήκη.
2876 5039 3181 5109 Ἐγχείριον
3226 5044 3541 5114 διεσχισμέ-

1976 5144 2073 5196 νην
2098 5130 2176 5188 εἰς
2205 5128 2468 5179 δάκτυλον
2497 5130 2708 5182 vocavit
2727 5129 2943 5186 Nieetas
2965 5133 3016 5185 in
3043 5134 3235 5189 Alexio
3262 5135 3542 5192 Comitem)

1975 5219 2012 5270 l.
2041 5235 2095 5271 ιιι
2130 5239 2142 5271 :
2187 5220 2245 5271 Ἡ
2283 5220 2325 5272 δ’
2356 5222 2496 5290 αὐτὴ
2527 5224 2622 5274 καί
2645 5222 2806 5292 δορὰν
2852 5226 3231 5294 χρυσόπαστον
3271 5231 3542 5299 ἐγχείριον

1976 5310 2192 5378 ἔχουσα,
2223 5312 2610 5384 διεσχισμένην
2643 5315 2698 5376 ἐς
2726 5315 3010 5379 δάκτυλον,
3046 5319 3341 5387 κονητιναν
3389 5318 3539 5392 εἶχεν

1976 5401 2186 5470 ὄρνιθα,
2216 5406 2307 5454 καὶ
2336 5403 2554 5465 ἐξιοῦσα
2589 5405 2727 5473 πρὸς
2791 5407 2963 5476 θήραν
3009 5409 3286 5476 ἐπέκλωζέ
3338 5430 3396 5464 τε
3447 5418 3540 5466 καὶ

1985 5493 2284 5556 ὲπεθὼὓζε.
2315 5493 2569 5562 Vulgaris
2604 5507 2783 5552 tortus
2843 5499 3000 5552 habet
3033 5517 3046 5552 :
3093 5501 3153 5552 Ἢ
3189 5502 3244 5555 δὲ
3285 5503 3423 5571 αὐτὴ
3481 5507 3541 5556 τὶ)

1983 5588 2289 5655 χειρῦρτιον
2329 5590 2708 5655 χρυσόπαστον
2777 5591 2996 5660 ἔχουσα,
3051 5593 3432 5664 διεσχισμένην
3465 5599 3543 5660 εἰς

1983 5666 2261 5743 δὰκθτυλον,
2289 5681 2576 5748 κονητιναν
2608 5676 2753 5749 εἶχεν
2788 5682 3000 5750 ξρνιθα.
3025 5681 3212 5753 Carpit
3238 5684 3326 5740 bis
3361 5688 3542 5742 verbis

1980 5768 2198 5822 Nicctas
2247 5771 2507 5824 indecens
2567 5773 2931 5839 imperatrieis
2981 5774 3224 5830 factum:
3283 5781 3540 5846 probrum

1980 5872 2158 5915 tamen
2194 5876 2304 5931 quo
2343 5877 2485 5930 eam,
2526 5861 2668 5919 velut
2706 5874 2829 5920 »ποτε
2861 5867 2998 5936 ipsa,
3023 5869 3256 5938 populus
3306 5871 3543 5929 insccta-
