4252 6444
664 380 769 455 9.79

1735 383 1813 443 IN
1862 384 2160 443 LIBRUM
2238 385 2333 445 DE
2377 386 2705 450 OFFICIIS
2745 396 2845 455 Cl’.

3810 396 3921 459 280

665 498 768 560 let;
806 497 908 553 nisi
940 497 1111 551 mavis
1139 497 1363 553 reddere
1402 497 1576 552 locum
1653 499 1702 553 in
1738 514 1846 569 quo
1896 502 2020 571 equi
2090 512 2231 556 ster-
2268 504 2306 557 Δ
2345 501 2622 558 Persarum
2672 511 2749 561 vel
2804 508 3123 564 Part/torum
3194 513 3358 581 fuisse
3438 522 3703 584 gestamen
3756 519 3935 580 magni

661 599 887 645 nuntur.
921 591 1119 647 (Iners.

726 685 860 737 Ibid.
890 683 1213 756 [Stratorum
1248 685 1394 740 locus
1428 696 1483 741 et
1512 689 1678 743 statio
1711 698 1792 743 est
1824 688 2232 757 στρατορίκιον,

656 794 764 834 non
798 780 841 832 is
874 794 981 849 quo
1042 780 1114 833 illi
1155 781 1443 837 sublevant
1477 785 1857 850 imperatorem
1915 782 1967 837 in
2001 797 2231 852 equum,

658 873 913 939 πὲζευμα
943 872 1052 941 jam
1098 875 1168 929 Ib
1202 886 1425 929 auctore
1459 891 1738 930 vet-aiunt.

728 963 812 1018 Ib.
836 963 1211 1036 [Ephippiaria
1229 967 1357 1032 pila,
1376 982 1481 1035 qua
1504 972 1843 1036 apprehensa
1869 970 2049 1023 exsilit
2066 986 2235 1040 eques

656 1055 711 1111 in
736 1071 963 1126 equum,
996 1055 1433 1125 εεικομπώσιον,
1463 1059 1605 1124 quod
1641 1060 1711 1113 sit
1736 1061 1972 1131 ephippii
2000 1062 2233 1131 κόμπος,

653 1149 721 1203 de
758 1164 866 1219 quo
902 1164 1085 1217 supra.
1120 1150 1529 1205 Adnumeratur
1564 1168 1693 1206 vero
1747 1154 2030 1222 ephippio,
2092 1163 2147 1205 ut
2178 1154 2229 1207 in

657 1242 880 1295 comitis
930 1256 1195 1309 equorum
1229 1242 1320 1310 jus
1382 1252 1645 1306 transeat,
1677 1258 1741 1297 eo
1777 1244 1919 1311 quod
1980 1259 2045 1297 ex
2093 1260 2232 1298 auro

660 1330 854 1400 lapillis
877 1341 1073 1387 ornato
1102 1333 1291 1388 conlici
1323 1334 1540 1388 soleret.
1577 1335 1711 1404 Περὶ
1738 1333 1846 1387 τῶν
1878 1335 2095 1405 τρυφῶν
2149 1338 2232 1390 di-

657 1434 804 1478 ctum
836 1435 919 1480 est
948 1426 1307 1497 alibi.Go.\n.]

731 1515 815 1572 Ib.
849 1517 992 1589 Lego
1018 1521 1235 1587 τουφῶν
1264 1536 1361 1589 pro
1414 1521 1750 1590 φορούντων,
1785 1525 1867 1580 vel
1900 1526 2133 1595 φουτῶν,
2166 1526 2234 1580 de

658 1626 767 1678 quo
794 1611 906 1679 jam
938 1628 1102 1677 supra
1131 1614 1288 1679 satis,
1320 1629 1371 1667 c.
1402 1616 1455 1669 4.

734 1702 814 1757 Ib.
854 1703 925 1759 De
949 1704 1257 1777 'I‘heophtlo
1284 1709 1411 1777 imp.
1442 1711 1710 1765 acerrimo
1741 1710 2074 1765 iconeclasta
2116 1711 2231 1781 lege

658 1794 984 1858 Cedrenum.
1013 1799 1299 1864 Zonaram,
1328 1801 1648 1871 Manassem,
1673 1807 1912 1874 tilycam.
1937 1802 2143 1860 Gnms.

736 1888 879 1944 Ibid.
912 1889 1232 1961 [Θεόφιλόν
1259 1910 1430 1962 φασι.
1474 1895 1755 1962 Diliusius,
1790 1907 1845 1951 at
1901 1898 1953 1951 in
1996 1899 2239 1953 eamdem

662 1990 897 2031 mentem
933 1991 1120 2033 narrat
1150 1982 1435 2036 historiam
1470 1984 1756 2041 Cedrenns
1790 2006 1801 2040 :
1847 1988 2118 2043 diversam
2153 1989 2245 2041 ha-

662 2070 748 2123 lzct
784 2069 889 2124 Leo
917 2070 1311 2128 Grammaticus
1336 2074 1725 2146 inTheOphilo.
1760 2080 2015 2135 Conferet
2037 2091 2246 2137 utrum-

661 2178 768 2229 que
803 2162 994 2228 lector,
1038 2166 1129 2221 ubi
1167 2168 1255 2223 hic
1296 2170 1470 2225 lucem
1505 2175 1800 2241 aspexerit.
1834 2173 2029 2242 Gesn]

732 2257 791 2310 P.
827 2257 917 2309 3|.
953 2256 1282 2314 Rneharinm
1318 2264 1656 2320 vestiarium.
1681 2266 1884 2323 Gens.

739 2350 876 2405 Ibid.
919 2350 1262 2424 [Vestiarium
1301 2366 1406 2421 est,
1469 2359 1610 2412 sicut
1670 2370 1725 2414 et
1778 2360 2123 2431 βεστιάριονε
2183 2371 2244 2416 ιιι.

661 2445 1015 2499 nihilominus
1047 2446 1448 2502 subindicatum
1479 2451 1547 2505 ab
1581 2460 1802 2506 auctore
1828 2453 2121 2509 discrimen
2150 2456 2243 2509 in-

662 2546 742 2586 ter
803 2545 1093 2603 utrumque
1150 2538 1523 2605 observemus,
1582 2543 1870 2598 dicendum
1926 2549 2245 2616 ρουχαρεῖον

660 2641 779 2679 esse
802 2629 1258 2684 cubiculariOrum
1283 2634 1539 2688 conclave
1563 2636 1627 2689 ad
1659 2653 1874 2693 sacrum
1900 2639 2237 2694 cubiculum.

662 2716 822 2772 Favet
848 2721 1087 2787 synodus
1116 2722 1420 2778 Florentino
1456 2726 1659 2781 ultimis
1686 2744 1823 2796 pene
1861 2731 2064 2797 verbis,
2095 2746 2217 2801 qusc

661 2824 767 2861 non
829 2811 879 2863 in
934 2828 1093 2866 sacro
1128 2815 1399 2881 cubiculo,
1434 2818 1525 2872 sed
1556 2822 1607 2873 in
1665 2821 1909 2877 conclavi
1958 2823 2240 2888 viciniorc,

661 2906 719 2956 ἐν
744 2902 817 2973 τῷ
843 2906 1147 2977 ρουχαρειῳ
1165 2909 1257 2962 soil
1287 2909 1567 2979 βασιλέως,
1591 2914 1806 2972 Gtmcos
1826 2917 2109 2986 pontillces
2166 2928 2245 2974 to-

663 3008 752 3045 mo
775 2995 993 3051 unlonis
1018 2997 1425 3057 subseribentes
1447 3005 1775 3061 manifestat.
1802 3007 1999 3080 Coum]

732 3088 870 3188 Ibid.
909 3090 1096 3160 Σπάθη
1120 3101 1331 3188 spatha,
1362 3099 1529 3153 ensis.
1582 3098 1903 3167 Spatharius
1937 3104 2133 3173 ensifer
2163 3106 2244 3172 vel
2274 3131 2315 3188 ο

664 3180 892 3245 satelles,
954 3186 1382 3253 σωματοφύλαξ.
1443 3189 1972 3259 Protospatitarius,
2030 3195 2240 3264 primus

666 3274 808 3326 inter
844 3275 1169 3342 spatharios,
1207 3279 1817 3347 spatharocamlidalus.
1854 3287 2244 3358 Σπαθαροκου-

664 3365 1053 3436 δικουλάριος,
1106 3373 1413 3431 spat/rarius
1472 3376 1852 3433 cubicularius.
1912 3379 2231 3449 Spathatus,

666 3458 857 3522 spatha
896 3460 1161 3515 munitus.
1198 3462 1409 3515 Σπαθία
1442 3466 1674 3528 spatula.
1739 3466 1811 3523 De
1869 3470 2069 3537 quibus
2121 3472 2243 3525 vide

667 3542 968 3601 Meursium
994 3557 1047 3603 et
1089 3548 1381 3621 Rigaltium
1415 3553 1469 3607 in
1516 3553 1835 3613 Glossariis.
1872 3558 1948 3613 Ex
2011 3561 2244 3630 dialogis

670 3638 729 3691 S.
769 3638 1013 3710 Gregorii
1047 3657 1153 3697 non
1193 3644 1413 3713 ignotus
1436 3657 1519 3701 est
1558 3649 1875 3716 spatharius
1935 3654 2077 3722 regis
2132 3654 2241 3708 To-

669 3730 799 3786 tilae.
835 3732 899 3786 Et
935 3735 1077 3803 apud
1107 3736 1406 3792 nonnullos
1445 3738 1751 3797 Germanos
1813 3743 2241 3801 instrumentum

668 3822 947 3890 quoddam
980 3824 1272 3881 fossorium
1300 3829 1381 3881 ein
1406 3832 1581 3896 spatii.

740 3915 900 3985 252
929 3916 987 3970 P.
1021 3918 1106 3972 3|.
1152 3918 1427 3987 Τζαγγῑα.
1461 3922 1652 3979 Melius
1696 3923 1949 3993 τζαγκεα,
1980 3929 2242 3997 τζάγκαι,

671 4020 893 4063 uanae.
940 4009 1162 4077 Proprie
1194 4014 1361 4067 calcei
1401 4015 1738 4083 imperatorii
1770 4037 1784 4081 ;
1830 4031 1882 4075 et
1912 4023 2239 4088 calccarius,

668 4101 760 4166 qui
785 4115 877 4154 eas
915 4103 1256 4167 conﬁciebat,
1288 4105 1532 4174 τξαγγάς
1562 4111 1642 4164 vel
1674 4112 1852 4178 potius
1888 4112 2131 4182 τζαγκάς
2164 4117 2244 4170 di-

669 4195 913 4256 cebntut‘,
945 4210 1049 4249 non
1082 4206 1137 4250 ut
1168 4198 1256 4253 alii
1278 4210 1493 4257 sutores
1509 4202 1862 4273 τζὰγγαριος,
1882 4222 1976 4261 seu
2010 4208 2244 4277 τζαγκά-

674 4301 808 4353 ριος.
854 4285 927 4340 lla
947 4287 1090 4341 enim
1113 4289 1198 4342 hic
1221 4290 1506 4360 legendum
1528 4306 1753 4362 est,non
1781 4300 2152 4370 τζαγμάριος,
2180 4313 2241 4357 ut

668 4378 833 4432 edidit
859 4379 1076 4445 Junius,
1096 4383 1179 4437 cui
1200 4392 1399 4440 tzanca:
1426 4397 1479 4442 et
1504 4391 1713 4444 tzancla
1745 4407 1849 4445 non
1878 4393 2109 4462 placent,
2132 4412 2246 4450 ma-

670 4474 751 4540 gis
788 4473 1025 4527 arrident
1062 4485 1266 4545 tzaggae
1290 4487 1341 4531 et
1370 4482 2241 4549 tzaggia,uthabeatoccasionem
2278 4459 2323 4516 Β

669 4579 867 4617 ιιοιιιθη
901 4564 1001 4620 hoc
1041 4566 1345 4623 deducendi
1374 4587 1439 4625 ex
1474 4572 1700 4628 Arabica
1739 4575 1942 4643 lingua.
1981 4575 2085 4632 Sed
2144 4595 2243 4643 po-

670 4659 776 4709 tior
806 4669 887 4711 cst
917 4660 1055 4727 apud
1084 4676 1168 4716 me
1202 4662 1333 4718 lides
1363 4665 1614 4718 codicum
1652 4666 2002 4722 Lanthcriani
2039 4680 2092 4725 et
2142 4671 2245 4724 Ba-

669 4754 977 4807 varicornm
1040 4762 1092 4807 et
1158 4752 1433 4811 Simeonis
1498 4761 1742 4829 magistri
1824 4763 2123 4818 olliciorum
2192 4768 2243 4820 in

669 4843 942 4898 Panderte
975 4843 1197 4899 Turcic.
1226 4846 1346 4909 199,
1379 4848 1471 4917 qui
1501 4849 1735 4916 τζαγκία.
1766 4860 1817 4905 et
1858 4855 2104 4921 τζάγκας
2144 4872 2243 4909 no-

671 4936 752 4987 bis
799 4935 1092 4999 exhibent;
1149 4937 1360 4990 tametsi
1424 4941 1593 4991 altera
1650 4940 1811 4993 lectio
1862 4941 1949 4994 illa
1983 4942 2237 5010 τζὰγγαι,

667 5027 902 5095 ﬁant:
934 5027 1272 5096 τζαγγάριος
1306 5029 1624 5098 simpliciter
1647 5033 1793 5100 rejici
1818 5049 1917 5088 nec
1947 5048 2118 5103 potest
2150 5053 2246 5089 nec

668 5124 848 5174 debet.
908 5120 1180 5174 Scribitur
1234 5123 1396 5175 etiam
1459 5122 1826 5192 τζαγκὰρης;
1896 5127 2021 5180 hinc
2078 5130 2243 5195 τέχνη

669 5214 1046 5282 τζιγγαρική,
1080 5230 1166 5264 ars
1202 5215 1405 5267 sutoria
1446 5252 1457 5265 .
1499 5214 1740 5270 Transiit
1788 5218 1891 5271 hoc
1942 5234 2135 5272 nomen
2179 5220 2244 5272 ad

673 5308 916 5361 Latinos.
988 5306 1293 5360 Trebellius
1351 5305 1561 5360 Pollio:
1623 5306 1863 5361 lane/tas
1926 5308 1990 5361 de
2045 5311 2243 5361 nostris

675 5402 941 5453 Parthicis
971 5402 1121 5467 paria
1163 5401 1288 5451 tria.
1340 5398 1439 5453 Ubi
1483 5399 1889 5455 Casanbonus:
1965 5402 2246 5454 Barbarici

676 5492 1019 5548 calccamenti
1094 5508 1253 5561 genus
1316 5500 1533 5560 tzaugas
1603 5504 1873 5545 vocarunt.
1942 5492 2041 5546 Sed
2108 5498 2247 5548 rario

673 5586 922 5638 scribitur
967 5586 1061 5635 huc
1124 5584 1353 5637 verbum.
1414 5582 1476 5635 la
1552 5585 1728 5636 codice
1786 5584 2145 5637 T/tcodosiano
2183 5589 2246 5639 rle

676 5677 855 5727 habitu
889 5676 1030 5726 intra
1067 5677 1239 5724 urbem
1279 5673 1377 5739 lcg.
1406 5672 1438 5723 Ξ).
1467 5682 1703 5739 tzanga';
1738 5673 1790 5722 in
1837 5674 1991 5724 tertia
2020 5683 2239 5723 κακίαν.

678 5764 878 5816 Gra'cis
914 5766 1151 5829 τζάγγαι
1180 5774 1269 5814 an!
1312 5762 1567 5827 τζαγγία,
1619 5773 1663 5814 et
1694 5762 2025 5828 τζαγγάριος
2058 5762 2245 5813 Iuram

684 5858 882 5926 artifex
908 5860 1045 5924 apud
1080 5856 1317 5909 Tzstztm
1353 5857 1403 5907 in
1438 5854 1783 5909 Utilia/libus.
1823 5856 2016 5907 .lcruni
2044 5871 2243 5923 :angm.

2347 597 2500 661 pretii
2544 613 2607 651 ea:
2667 603 2762 653 hoc
2798 602 2909 656 loco
2947 614 2995 657 ct
3022 606 3282 659 similibus
3333 618 3574 674 apparet.
3653 607 3709 659 In
3775 606 3930 659 lastis

2346 688 2548 745 Graecis
2578 691 2829 762 leguntur
2858 697 2971 750 hmo
3001 699 3071 752 de
3094 714 3217 767 rege
3240 699 3508 754 Lazarum
3541 717 3555 754 :
3588 700 3669 751 Ti
3692 700 3931 765 τξαγγίαι

2344 781 2510 836 αὐτοῦ
2538 780 2604 851 ἦν
2637 786 2744 840 ἀπὸ
2772 788 2873 856 τῆς
2921 788 3106 860 χώρας
3156 790 3322 845 αὐτοῦ
3360 794 3613 862 paucula.
3680 791 3935 861 Περσικῷ

2346 877 2587 945 σχήματι
2624 877 2814 945 ἔχοντα
2855 883 3239 953 μαργαρίτας.
3271 884 3525 955 Synodus
3573 883 3934 938 Aurelianen-

2344 968 2419 1022 sis
2467 985 2591 1024 cau.
2639 970 2748 1026 2i:
2786 972 3047 1027 Monac/io
3091 976 3329 1029 orarium
3378 978 3431 1029 in
3474 977 3797 1030 monasterio
3855 975 3934 1030 ecl

2349 1079 2540 1116 zanras
2574 1064 2763 1119 habere
2791 1085 2894 1119 non
2932 1069 3111 1123 liceat.
3157 1068 3356 1124 CRETS.

2416 1156 2552 1210 Ibid.
2586 1155 2879 1228 [TCam-la,
2905 1159 3176 1216 Meursius
3210 1171 3430 1232 twngtc,
3453 1162 3543 1217 alii
3577 1163 3935 1216 calceameuta

2345 1249 2647 1302 barbarica.
2709 1250 2877 1318 Cujus
2938 1252 3125 1306 formae
3194 1252 3399 1309 fuerint
3469 1269 3577 1308 non
3630 1261 3934 1319 expmmnt.

2344 1341 2457 1395 Illis
2495 1340 2793 1398 etiamnum
2851 1344 3013 1399 hodie
3050 1354 3280 1399 utuntur
3341 1346 3393 1399 in
3453 1346 3672 1400 Oriente
3708 1344 3806 1397 viri
3872 1354 3927 1397 ct

2351 1434 2607 1488 mulieres
2667 1436 3020 1503 promiscue;
3060 1446 3297 1507 suntque
3355 1438 3611 1492 cothurni
3661 1452 3724 1491 ex
3782 1437 3933 1491 varie

2346 1523 2609 1579 coloratis
2646 1527 2880 1593 pellibus
2913 1529 3101 1582 tibiam
3130 1529 3378 1598 adusque
3405 1544 3545 1601 genu
3582 1531 3812 1597 pressim
3868 1539 3924 1584 et

2348 1616 2579 1670 strictim
2612 1619 2881 1673 tibialium
2914 1636 3064 1677 more
3104 1623 3422 1689 vestientes,
3464 1624 3657 1693 QUJICS
3683 1623 3795 1692 jam
3829 1639 3928 1677 suo

2352 1717 2591 1775 tempore
2648 1710 2877 1766 usitatos
2932 1711 3197 1768 describit
3259 1714 3558 1784 ProcOpius
3611 1716 3676 1769 de
3735 1714 3928 1769 reditio.

2280 1805 2321 1860 Β
2352 1797 2644 1855 Iustiniani
2683 1803 2717 1857 Ι.
2754 1820 2853 1859 III:
2902 1803 3265 1875 ’Υποδήματα
3330 1807 3494 1875 μέχρι
3525 1806 3603 1868 si;
3645 1806 3775 1872 γόνυ
3806 1822 3931 1874 φοι-

2354 1892 2504 1944 νικοῦ
2543 1892 2854 1963 χρώματος,
2893 1897 2927 1950 ἃ
2962 1897 3025 1964 δὴ
3051 1898 3276 1967 βασιὶέα
3318 1898 3477 1965 μόνον
3528 1897 3817 1966 Ῥωμαίων
3872 1913 3931 1949 τε

2353 1984 2445 2036 καὶ
2478 1986 2705 2055 Περσῶν
2752 1988 3072 2042 ὑποδεῖσθαι
3120 1991 3301 2059 θέμις.
3348 1990 3485 2045 llinc
3516 1992 3725 2047 Arabes
3785 1990 3932 2060 Elpi-

2355 2073 2506 2128 dium
2570 2077 2949 2140 imperatorem
3008 2082 3060 2134 in
3122 2081 3302 2135 Sicilia
3364 2083 3733 2137 renuntiaturi
3787 2083 3931 2151 apud

2355 2167 2743 2237 Theophanem
2780 2171 2831 2225 in
2906 2172 3055 2226 Irene
3082 2181 3136 2226 et
3195 2173 3390 2228 Const.
3426 2175 3744 2245 περιέθει)το
3782 2176 3933 2245 αὐτῷ

2351 2261 2611 2328 τζαγγίον
2641 2264 2735 2316 καὶ
2776 2265 3064 2330 στέφανον.
3103 2267 3176 2319 Ex
3243 2267 3349 2334 his,
3387 2284 3509 2337 qua:
3565 2268 3837 2323 Meursius
3878 2277 3931 2322 et

2350 2368 2413 2408 ex
2442 2371 2505 2411 eo
2535 2356 2824 2413 Gretserus
2851 2357 2918 2413 de
2945 2360 3135 2426 zangis
3196 2362 3494 2431 congessit,
3553 2363 3711 2431 plana
3764 2362 3932 2417 relin-

2350 2459 2594 2518 quuntur
2618 2461 2668 2503 et
2688 2453 2991 2522 perspicua.
3017 2453 3219 2526 Ceam]

2422 2541 2503 2595 Ib.
2541 2543 2675 2611 Equi
2709 2547 2962 2614 sagmarii
2995 2545 3198 2602 Graecis
3245 2547 3465 2617 quidem
3496 2548 3611 2603 noti
3643 2558 3698 2602 et
3738 2548 3927 2602 usitati

2363 2644 2511 2700 sunt,
2545 2637 2638 2691 sed
2669 2638 2825 2690 educi
2865 2652 2968 2696 non
2999 2647 3232 2707 possunt
3262 2654 3324 2693 ex
3363 2640 3449 2693 illa
3481 2639 3669 2694 (Ζοιῖἰηί
3703 2641 3932 2695 lectione

2352 2728 2719 2797 τζαγμάριιλς.
2759 2733 2884 2799 quia
2924 2748 3059 2785 vana
3107 2742 3223 2787 est:
3289 2732 3721 2788 sul-stituendum
3780 2734 3927 2788 enim

2353 2818 2689 2889 τζαγγάριος
2727 2823 2806 2875 vel
2892 2823 3250 2892 τζαγκάριος.
3288 2822 3351 2876 Et
3387 2833 3443 2877 ut
3470 2824 3615 2892 prior
3659 2824 3926 2892 scriptura

2355 2911 2700 2975 retineretur,
2736 2928 2839 2965 non
2872 2913 3193 2981 sagittarius,
3227 2922 3285 2965 nt
3311 2912 3529 2977 Junius,
3591 2914 3683 2970 sed
3747 2914 3927 2982 potius

2357 3005 2682 3074 tzagmarius
2726 3006 3043 3058 vertendum
3074 3016 3254 3061 esset:
3289 3022 3412 3059 nam
3446 3007 3750 3071 sagmarius
3780 3005 3929 3060 Grae-

2354 3095 2433 3151 cis
2471 3113 2575 3149 non
2602 3105 2685 3151 est
2711 3107 2882 3159 sutor,
2912 3114 3032 3152 cum
3056 3112 3084 3151 a
3113 3107 3357 3166 sagmate
3387 3098 3671 3152 formetur.
3708 3098 3802 3151 Est
3826 3112 3925 3149 au-

2351 3200 2459 3245 tem
2490 3192 2678 3261 σάγμα.
2721 3192 2804 3244 vel
2851 3190 2990 3261 θήκη
3020 3191 3115 3244 τοῦ
3159 3191 3349 3256 ὅπλου,
3409 3193 3556 3245 theca
3584 3206 3679 3246 seu
3735 3190 3925 3259 vagina

2348 3299 2649 3345 armorum,
2686 3283 2768 3335 vel
2831 3299 2961 3335 onus
3005 3284 3234 3351 ⁸ιιιιιιεηιί
3280 3284 3589 3337 sareinarii.
3635 3282 3771 3337 Hinc
3804 3300 3925 3351 sag-

2348 3374 2518 3426 maria
2536 3378 2774 3440 juntenla
2812 3372 2895 3427 vel
2928 3374 3259 3440 sagmataria
3294 3373 3375 3426 vel
3409 3374 3648 3427 samaria
3687 3372 3918 3431 Graecis.

2347 3480 2467 3532 quae
2507 3466 2717 3519 nostris
2744 3464 3068 3527 clitellario;
3106 3462 3173 3518 ad
3212 3478 3445 3533 quorum
3482 3464 3730 3519 ultimum
3786 3464 3922 3517 allu-

2346 3559 2423 3611 dit
2464 3572 2566 3610 ι·οι
2598 3556 2916 3612 Germanica
2958 3574 3290 3621 saum-ross,
3319 3573 3416 3612 seu
3452 3568 3510 3610 ut
3546 3557 3659 3619 alii,
3694 3573 3924 3610 eamaior

2346 3667 2485 3709 γοα,
2526 3658 2577 3702 et
2604 3663 2777 3711 mum,
2810 3648 2858 3701 id
2892 3647 3155 3702 nimirum
3185 3646 3332 3718 quod
3393 3645 3708 3715 huiusmodi
3744 3660 3920 3713 equus

2346 3751 2538 3811 gestat.
2578 3740 2774 3796 Suidas
2802 3756 2816 3794 :
2848 3740 3141 3809 Eantdptat
3187 3740 3248 3793 τὸ
3307 3738 3437 3808 παρ’
3464 3739 3597 3807 ἡμῖν
3626 3737 3919 3804 λεγόμενον

2344 3836 2583 3897 τοῦλδον,
2603 3838 2671 3887 τὰ
2711 3832 3053 3902 βαστάζοντα
3083 3831 3515 3902 τήνάποπκευὴν
3568 3831 3663 3883 καὶ
3692 3830 3794 3899 τὴν
3825 3845 3920 3893 με’

2345 3926 2645 3995 cauomth
2672 3924 3151 3992 ubvtmquslwv.
3197 3921 3495 3976 Mauricius
3533 3923 3676 3990 apud
3733 3921 3920 3988 Rigal-

2349 4019 2518 4071 tium:
2560 4015 2791 4078 Τοῦλδος
2827 4016 2949 4084 ἦτοι
2979 4016 3046 4067 τὰ
3102 4015 3405 4083 σαγμάρεα.
3446 4012 3611 4067 Idem.
3652 4012 3686 4065 l.
3714 4027 3751 4068 ι.
3784 4027 3829 4066 c.
3863 4010 3918 4074 6,

2348 4111 2561 4164 dixerat
2582 4108 2787 4170 ἵππους
2813 4106 3250 4177 σαγματαρίους.
3273 4104 3364 4160 Sic
3387 4103 3626 4159 Isidorus
3653 4104 3913 4157 caballum

2348 4202 2674 4271 sagittarium
2700 4209 2753 4254 et
2784 4199 2984 4252 mulam
3013 4198 3363 4267 sagmarium.
3422 4195 3678 4264 Vegetius
3737 4196 3772 4250 l.
3817 4212 3918 4252 In:

2351 4293 2753 4363 Impedimenta,
2779 4292 3055 4362 sagmarii,
3080 4290 3293 4343 calones
3325 4290 3662 4358 vellit-illaque
3712 4291 3763 4343 in
3814 4306 3919 4340 me-

2347 4388 2436 4439 dio
2497 4386 2834 4443 collocentur.
2908 4383 3019 4439 Nec
3071 4382 3277 4439 Latinis
3350 4383 3516 4451 igumi
3586 4394 3707 4437 sunt
3790 4381 3914 4448 cqui

2350 4478 2603 4545 saginari,
2642 4486 2694 4529 ut
2729 4483 2873 4545 patet
2905 4489 2970 4528 ex
3006 4472 3062 4528 S.
3121 4471 3398 4527 Bernardo
3441 4472 3478 4525 1.
3539 4486 3600 4527 ιιι
3659 4469 3816 4540 253
3851 4471 3919 4523 de

2349 4567 2679 4621 considerat.
2722 4581 2769 4620 c.
2801 4567 2849 4625 7.
2881 4566 2970 4619 ubi
3007 4565 3231 4621 Vossius
3266 4565 3540 4634 sagittarii,
3574 4563 3701 4618 loco
3729 4563 3918 4629 vulga-

2349 4670 2416 4713 t:e
2477 4659 2723 4713 lectionis
2777 4659 3072 4711 sammarii.
3120 4657 3229 4712 Etsi
3275 4657 3328 4710 in
3381 4656 3587 4710 Latinis
3618 4656 3916 4717 utinmarii,

2349 4751 2624 4815 saunmrii,
2681 4750 2952 4803 sommarii
3014 4749 3176 4802 lectio
3220 4748 3384 4801 etiam
3451 4746 3667 4802 delendi
3722 4747 3915 4814 possit,

2350 4847 2474 4915 quia
2511 4845 2764 4914 sagmarii
2800 4858 2994 4896 nomen
3030 4843 3177 4895 varie
3205 4840 3341 4894 varii
3370 4849 3732 4907 corruperunt
3762 4849 3815 4893 et
3848 4839 3914 4891 ad

2351 4935 2685 4990 idiotismum
2728 4948 2887 4987 suum
2921 4932 3268 4987 inﬂexerunt.
3324 4930 3463 4984 llinc
3518 4931 3570 4984 in
3633 4930 3813 4982 libelle
3849 4929 3918 4982 de

2355 5024 2633 5079 miraculis
2662 5022 2717 5079 S.
2756 5020 3017 5087 Udalrici,
3049 5037 3148 5076 nec
3177 5022 3464 5091 ineleganti
3499 5031 3551 5075 et
3599 5023 3739 5076 satis
3775 5021 3919 5073 anti-

2350 5132 2478 5185 quo,
2513 5114 2689 5185 inquit
2716 5115 3074 5169 Casaubonus
3110 5114 3162 5166 in
3190 5112 3581 5183 Lampridium,
3615 5113 3917 5165 obtulerunt

2350 5210 2412 5262 de
2443 5226 2559 5263 cera
2594 5219 2846 5278 quantum
2873 5225 3005 5261 unus
3032 5209 3185 5275 fortis
3229 5210 3534 5262 saumarius
3564 5218 3775 5276 portare
3826 5224 3922 5272 po-

2353 5302 2470 5353 (ait.
2503 5300 2729 5354 Deducit
2754 5301 2899 5354 idem
2922 5301 3281 5354 Casaubonns
3307 5301 3607 5366 sagmarios
3631 5316 3656 5352 a
3681 5311 3919 5369 ngmalc

2351 5407 2403 5447 et
2439 5399 2621 5458 recte;
2653 5405 2706 5447 et
2739 5409 2923 5461 sagma
2950 5393 3026 5445 ait
3062 5408 3184 5447 esse
3216 5392 3265 5445 id
3294 5393 3430 5461 quod
3456 5392 3698 5461 jumento
3751 5395 3923 5459 impo-

2354 5490 2520 5553 nitur,
2580 5496 2635 5539 ut
2667 5485 2876 5537 mollius
2926 5485 3079 5537 reliat
3126 5494 3175 5537 et
3231 5486 3344 5536 sine
3392 5499 3529 5537 noxa
3578 5501 3695 5537 sua.
3728 5484 3918 5551 Di/fcrt

2351 5597 2531 5649 sagula
2565 5596 2593 5628 τι
2618 5577 2772 5640 ulla;
2809 5592 2927 5628 nam
2960 5593 3143 5644 sagma
3176 5577 3381 5643 prOprie
3397 5585 3471 5628 est
3498 5574 3637 5644 quod
3660 5576 3918 5643 jumcutis

2352 5688 2509 5725 onera
2544 5670 2899 5737 bajulantibus
2958 5669 3287 5735 imponitur;
3340 5668 3471 5721 sella
3526 5685 3774 5737 equorum
3834 5683 3914 5722 est

2358 5760 2433 5813 rel
2465 5760 2687 5811 aliorum
2713 5757 3241 5825 auimaliunt,quibus
3271 5757 3421 5810 hoino
3452 5758 3675 5811 vehitur.
3706 5758 3913 5814 Dicitur

2357 5853 2518 5908 t'tiatzt
2556 5853 2691 5921 σαγή
2724 5862 2775 5907 ct
2807 5866 3013 5921 sagum,
3052 5852 3199 5923 quod
3240 5851 3514 5922 signiﬁcat
3570 5864 3731 5908 omne
3790 5868 3920 5922 ope-
