4252 6444
229 405 328 471 301

1318 401 1703 471 GRETSERI
1753 400 1846 463 ET
1881 396 2114 458 GOARI
2170 398 2407 462 ΝΟΤΑΞ-

3381 395 3487 466 302

282 518 342 571 ι’.
382 516 473 572 40.
498 514 595 589 ['0
613 515 901 587 κοιὲσητωρ.
941 516 1114 573 Etiam
1144 515 1379 567 labentis
1413 514 1627 581 imperii
1664 523 1797 565 tem-
1832 519 1876 574 Α
1910 508 2173 575 singulari
2226 522 2457 560 numero
2531 506 2783 573 legimus.
2841 504 3231 560 Constantinus
3294 503 3486 562 Them.

212 623 340 673 pore
364 608 593 677 plurima
622 609 860 677 pollebat
886 619 1129 676 quaestor
1164 615 1518 659 auctoritate.
1584 604 1779 672 Eeloga

216 698 411 754 Leonis
434 710 489 755 et
520 698 858 754 Constantini
888 700 977 751 AA
1005 698 1085 750 tit.
1115 698 1178 751 5:
1215 698 1275 748 Ὀ
1303 695 1599 765 κοιαίστωρ
1630 694 1751 759 ἐξον)
1771 725 1782 734 -

217 793 338 846 σίαν
383 794 480 845 ἐπὶ*
526 794 654 856 τοὺς
718 793 817 861 τῆς
850 791 1097 861 μεγάλης
1127 790 1332 858 ταύτης
1383 788 1789 859 ἐπιδημοῦντας

215 888 424 950 rutilam;
456 886 513 951 ἐξ
563 880 961 956 οἱασδηπότοῦν
995 886 1203 956 χώρας,
1239 885 1350 962 sits
1408 882 1610 952 ἄνδρας
1675 882 1785 933 εἴτε

214 984 480 1047 γυναῖκας
528 980 638 1033 εἴτε
682 980 982 1049 κληρικοὺς
1018 980 1050 1047 ἢ
1091 979 1363 1048 μοναχοὺς
1398 976 1430 1047 ἢ
1463 974 1792 1045 ἁσκητρίας,

214 1077 323 1127 eis:
359 1075 469 1127 τῶν
528 1073 633 1138 ἔξω
692 1075 901 1126 πόλεων
959 1071 1316 1142 συνηγόρους,
1381 1071 1428 1123 εἰ
1478 1070 1570 1123 καὶ
1628 1069 1795 1135 ἄλλης

218 1164 436 1220 οἱασοῦν
466 1165 637 1235 τύχης
684 1182 743 1217 τε
795 1166 891 1217 καὶ
940 1164 1120 1229 ἀξίας,
1175 1163 1270 1215 καὶ
1327 1160 1795 1232 περιεργάζεσθαι

217 1259 361 1319 τίνες
379 1275 439 1310 τε
464 1256 569 1311 εἷεν
600 1259 693 1311 καὶ
715 1258 877 1310 πόθεν
901 1258 1091 1327 ἥκοιεν
1114 1258 1205 1310 καὶ
1231 1257 1323 1309 ἐπὶ
1347 1256 1477 1326 ποίᾳ⁵
1506 1255 1797 1324 προφάσει.

216 1348 378 1403 Plura
412 1350 753 1419 persequitur
787 1350 919 1408 illud
954 1358 1119 1417 caput
1147 1350 1209 1400 ad
1264 1363 1469 1403 moram
1504 1348 1802 1419 alienorum

220 1443 271 1494 in
293 1441 428 1496 urbe
463 1442 762 1496 faciendam
803 1444 1126 1511 speetantia.
1159 1441 1656 1498 ConsulaturIuris
1683 1441 1803 1496 GR.

206 1542 352 1585 tom.
392 1548 452 1596 tl,
489 1549 540 1601 p.
586 1533 674 1598 87,
707 1535 776 1589 90
812 1544 863 1587 et
898 1533 989 1589 99.

295 1623 376 1679 Ib.
401 1624 499 1697 ['0
514 1626 704 1695 μέγας
726 1625 1178 1695 διερμηνευτής.
1207 1627 1337 1693 Quae
1368 1626 1468 1681 sibi
1494 1627 1806 1698 przestiterit

220 1718 391 1772 cilicia
433 1735 657 1788 magnus
687 1721 1027 1789 interpretes,
1062 1720 1428 1790 Luitprandus
1476 1721 1527 1774 in
1564 1736 1661 1776 sua
1697 1720 1801 1774 Le-

222 1812 436 1880 gatione
468 1812 737 1866 edisserit.
781 1796 987 1885 Gesn]

298 1901 443 1957 Ibid.
506 1904 849 1973 Δραγὸμενοι
906 1906 1017 1959 sive
1078 1906 1414 1979 δρειγομάνοι
1474 1906 1799 1975 interpretes

226 1994 537 2064 linguarqu
566 1996 924 2062 extitit-arum,
955 1997 1222 2072 qualesin
1257 1998 1394 2052 aulis
1423 1998 1603 2067 magni
1657 2012 1811 2067 reges

227 2087 450 2151 habent,
490 2097 549 2141 ut
596 2090 1001 2158 peregrinarum
1055 2080 1290 2159 gentium
1362 2090 1656 2161 legationes
1722 2092 1806 2144 in-

224 2190 617 2250 terpretentur.
656 2180 751 2237 Est
782 2197 846 2237 ex
877 2180 1174 2237 Chaldaieo
1211 2183 1485 2255 thargum,
1521 2184 1810 2239 metathesi

225 2273 525 2344 primarum
550 2273 873 2340 litterarum,
915 2275 1059 2344 quod
1112 2283 1192 2330 est
1236 2275 1809 2342 interpretamentum:

223 2376 281 2421 et
334 2366 629 2438 pseta‘rgem
687 2381 786 2423 seu
846 2370 1135 2437 targema'n
1197 2367 1564 2438 interpretes,
1618 2366 1813 2437 δραγο-
1845 2432 1861 2447 ⁸

230 2459 491 2528 μανίζειν
526 2447 876 2529 inteipretem
910 2474 1090 2529 agere.
1130 2456 1408 2531 Hodieque
1432 2461 1524 2536 qui
1581 2460 1694 2514 loca
1722 2476 1811 2514 sa-

227 2563 319 2604 cra
359 2550 660 2607 Palaestinae
708 2552 960 2618 lustrant,
1016 2567 1144 2608 suos
1194 2544 1518 2621 interpretes
1566 2552 1807 2608 drussel-

229 2657 465 2697 mannos
497 2652 717 2699 vocant.

306 2732 392 2789 Ib.
433 2734 553 2790 Siue
587 2738 649 2789 de
675 2739 862 2793 armis.
900 2736 976 2793 Ita
1015 2740 1359 2813 vertendum,
1390 2752 1501 2803 non
1534 2748 1592 2794 ut
1615 2736 1815 2813 Iunius

230 2828 435 2897 ubique
483 2830 547 2883 de
606 2832 873 2896 curribus,
928 2832 1053 2901 quia
1110 2831 1316 2888 Gracis
1370 2834 1522 2903 ἅρμα
1568 2834 1817 2902 ἄρματος

232 2920 327 2971 xa‘:
347 2919 417 2971 τὰ
444 2920 668 2989 ἅρματα
701 2937 853 2975 arma
888 2930 1035 2988 sunt,
1074 2931 1133 2975 ut
1190 2924 1373 2978 multis
1420 2924 1680 2992 exemplis
1710 2922 1812 2977 do-

230 3022 361 3090 cent
424 3013 689 3084 Rigaltius
741 3023 798 3070 et
857 3013 1129 3070 Meursius
1189 3016 1243 3069 in
1306 3013 1619 3071 Glossariis.
1683 3011 1818 3069 Hinc

232 3104 733 3175 ἀρμαμενταρεῐον,
782 3106 1263 3177 ἀρμαμενταρεῖα,
1310 3106 1669 3176 ἀρματώριον
1729 3122 1815 3159 ar-

237 3198 673 3263 mamentarium,
706 3198 945 3268 ἀρμάτοι
976 3201 1194 3262 armati,
1245 3198 1595 3269 ἀρματοῦραι
1626 3213 1810 3251 arma-
1840 3210 1885 3268 α

237 3300 393 3353 iure,
419 3288 721 3361 ἁρματοῦν,
748 3274 1078 3361 ἀρμαεόνειν
1101 3307 1330 3346 armare.
1356 3290 1499 3357 Quin
1545 3302 1596 3345 et
1626 3292 1815 3345 vocula

236 3381 515 3451 ἁρμὰριον
553 3392 607 3436 et
638 3383 868 3452 ἁρμάρη
898 3392 1145 3450 utuntur,
1192 3383 1335 3454 quod
1366 3393 1445 3438 est
1500 3392 1818 3452 promptua-

235 3473 380 3527 rium
407 3489 503 3529 seu
539 3478 803 3543 ταμιεῖον.
827 3462 1028 3533 Gnsrs.
1336 3534 1343 3542 ,
1613 3531 1618 3538 .

314 3564 460 3618 Ibid.
496 3564 832 3637 [Κούρσων.
867 3568 1107 3638 Πραῖδαν
1143 3578 1297 3625 vocat
1333 3570 1442 3624 Leo
1492 3571 1544 3624 in
1581 3571 1817 3627 Taeticis

240 3656 495 3727 pluribus
524 3659 743 3713 constit.
782 3659 846 3712 l7
906 3659 1058 3724 locis,
1102 3661 1429 3715 incursiones
1473 3662 1717 3718 videlicet
1766 3674 1821 3718 et

237 3751 679 3827 deprwdationes.
734 3750 934 3825 6'0an
1232 3824 1235 3827 .

278 3826 374 3917 pP.
413 3826 502 3896 lii.
569 3840 1005 3899 Protonotarius.
1071 3842 1169 3898 liic
1213 3842 1522 3917 palatinum
1583 3843 1818 3899 oliicium

240 3934 535 4003 signiﬁcat,
565 3936 993 4009 ecclesiasticum
1050 3951 1179 3999 vero
1208 3937 1261 3989 in
1324 3935 1559 3991 secunda
1595 3939 1824 4005 pentade

240 4012 557 4081 obicialium
606 4016 809 4096 Magnae
839 4027 1111 4082 Ecclesiae.
1157 4028 1397 4097 Uterque
1427 4030 1608 4096 plures
1637 4029 1739 4082 sub
1762 4044 1821 4083 se

245 4118 481 4173 habebat
512 4119 873 4188 notarios,qui
906 4118 1034 4187 olim
1097 4119 1447 4193 celebrabant
1479 4119 1551 4173 25
1573 4120 1825 4177 Octobris

245 4211 448 4265 festum
482 4208 583 4264 SS.
626 4219 923 4280 martyrum
962 4208 1222 4265 Marciani
1271 4220 1325 4265 et
1360 4210 1603 4285 Martyri,
1655 4229 1819 4281 quos.

245 4312 306 4357 ut
338 4316 424 4381 ,οι
465 4301 624 4370 271
660 4299 864 4355 Menam
918 4299 1107 4370 liquet,
1167 4301 1419 4372 notarios}
1456 4301 1821 4370 appellabant.

245 4392 461 4446 Notarii
498 4392 660 4462 igitur
690 4392 836 4470 duos
858 4392 990 4447 istos
1019 4394 1281 4472 notarios,
1337 4393 1441 4448 sub
1494 4395 1822 4450 Constantio

246 4483 455 4539 Ariano
515 4483 840 4561 imperatore
893 4499 989 4553 pro
1045 4485 1148 4539 lide
1200 4485 1503 4541 orthodoxa
1566 4486 1831 4559 occisos,

1894 598 2213 654 Orient.lO:
2246 601 2502 669 Κάστρον
2526 600 2672 651 ἐστὶν
2689 598 3057 669 ὀχυρώτατον.
3089 597 3491 666 Καστροφύ).αε

1907 701 2204 744 castrorum
2230 701 2429 752 custos,
2462 707 2528 742 κα
2541 692 2898 758 “patriam;
2922 701 3221 743 castrorum
3245 699 3486 749 metator,

1896 784 2291 854 xaatpoxttala
2354 794 2650 837 castrorum
2711 784 2923 836 metatio
2954 834 2967 857 ,
3003 786 3330 855 καστρέπιον
3376 789 3524 840 slve.

1904 879 2231 947 καστρίσιον
2266 890 2549 933 castrense.
2596 880 2789 933 Iisdem
2845 878 2897 930 in
2939 892 3035 929 usu
3094 872 3229 930 sunt
3260 866 3493 932 κάστελο

1914 974 2019 1037 λοι,
2093 972 2452 1037 καστέλλιον,
2508 972 2747 1038 καστὲ).η
2804 986 2901 1037 pro
2947 971 3182 1023 castellis
3234 989 3326 1025 seu
3376 990 3492 1023 mu-

1908 1068 2194 1121 nitionibus
2241 1074 2294 1121 et
2327 1082 2425 1136 pro
2469 1065 2689 1137 pppido.
2746 1064 2885 1118 lline
2937 1065 3234 1117 castelliaui
3294 1067 3490 1121 milites

1906 1163 2149 1219 castellis
2225 1163 2488 1232 impositi.

2564 1161 2957 1216 Καστελλοῦν
2985 1232 2991 1236 _
3017 1163 3192 1215 locum
3255 1162 3489 1232 aliquem

1912 1256 2147 1308 munire.
2182 1255 2389 1309 anrs.

1986 1348 2124 1401 Ibid.
2144 1345 2412 1418 [Κάστρα
2435 1349 2676 1401 civitates
2700 1347 2951 1401 montibus
2980 1349 3209 1402 munitas
3239 1350 3497 1418 interpre-

1912 1436 2341 1491 tare.Cedrenus
2362 1437 2412 1489 in
2436 1434 2698 1490 Michaele
2728 1436 3078 1507 Paphlagone
3105 1456 3117 1491 :
3150 1429 3498 1509 Παγκράτιος

1910 1528 1966 1579 δὲ
2002 1529 2029 1577 ὁ
2069 1526 2655 1596 ’Δῦασγδς,⁰Ρωμανὸν
2695 1526 2783 1579 τὸν
2816 1528 3041 1597 βασιλέα
3074 1528 3239 1597 δῆοεν
3266 1531 3497 1582 ἐκδικῶν

1911 1619 1985 1681 ὡς
2015 1619 2159 1671 Οεῖον
2181 1620 2277 1687 τῆς
2305 1619 2566 1686 γυναικὸς
2593 1620 2783 1683 αὑτοῦ,
2815 1620 2913 1688 τήν
2936 1636 2993 1671 τε
3017 1621 3151 1689 πρὸς
3188 1621 3497 1688 Ῥωμαίους

1915 1712 2143 1781 εἰρήνην
2190 1713 2462 1764 ἀπείπατο
2494 1716 2586 1766 καὶ
2630 1712 2947 1780 τὰ’πρώην
3013 1711 3235 1765 δοθέντα
3282 1712 3497 1781 κάστραι

1844 1844 1893 1906 Β
1920 1807 2014 1858 καὶ
2039 1805 2277 1876 φρούρια
2303 1806 2663 1875 ἀνεκτήσατο.
2700 1804 2942 1868 Barium,
2992 1804 3257 1874 Capuam,
3320 1804 3493 1858 Bene-

1919 1910 2136 1953 ventum
2174 1907 2462 1952 voeaverat
2494 1898 2547 1951 in
2608 1900 2985 1967 superioribus
3022 1898 3255 1968 xdstpz.
3318 1897 3492 1967 llujus

1915 1992 2114 2046 mentis
2141 1991 2317 2046 fuerat
2346 1991 2413 2045 ab
2443 1991 2666 2060 antiquo
2692 1992 2837 2045 circa
2903 1982 3088 2045 vocent
3151 1993 3290 2045 hanc
3317 1991 3487 2045 Justi-

1916 2086 2113 2140 nianus
2138 2084 2272 2159 Nov.
2307 2083 2441 2138 ηδε
2480 2086 2589 2136 Καὶ
2618 2086 2743 2143 τοὺς
2775 2086 2831 2137 ὲν
2862 2085 2982 2145 ταῖς
3009 2083 3302 2152 ἐπαρχίαις
3326 2084 3488 2147 ὄντας

1914 2178 2183 2247 ἄρχοντας
2219 2176 2539 2240 πολιτικούς
2577 2194 2638 2229 τε
2680 2179 2775 2230 καὶ
2806 2177 3239 2246 στρατιωτικοὺς
3280 2178 3335 2230 ἐν
3369 2179 3493 2239 ταῖς

1916 2266 2135 2320 πόλεσιν
2157 2250 2277 2339 ἦτοι
2301 2269 2581 2338 κὰστροις.
2613 2262 2809 2339 Cium]

1990 2357 2049 2414 P.
2082 2360 2173 2413 ἃ.
2204 2358 2494 2431 Catergon,
2542 2360 2688 2430 quod
2722 2370 2805 2415 est
2868 2361 3121 2424 triremis.
3177 2370 3234 2414 ut
3294 2362 3343 2415 in
3376 2351 3494 2431 ipso

1916 2453 2123 2509 Codinn
2156 2456 2468 2523 exponitur,
2501 2468 2567 2507 ex
2632 2454 2830 2508 Arabia
2885 2469 2913 2507 a
2971 2453 3137 2508 Iunio
3171 2454 3494 2509 advocatur.

1917 2544 2133 2615 Ubique
2190 2542 2450 2600 nimirum
2511 2546 2593 2600 sui
2646 2546 2920 2601 Arabismi
2993 2548 3299 2617 Specimina
3363 2546 3494 2603 edit.

1914 2637 2026 2693 Cur
2057 2654 2161 2693 neu
2196 2653 2262 2694 ex
2292 2640 2435 2692 κατά
2464 2646 2518 2693 et
2565 2638 2725 2707 ἔργον
2757 2642 3118 2706 compositum
3148 2639 3258 2693 sit?

1991 2732 2075 2787 Ib.
2123 2733 2585 2802 Λογγαριαστὴν
2639 2734 2775 2787 aula:
2813 2735 2887 2786 ait
2938 2732 3136 2789 Junius
3170 2748 3291 2787 esse
3345 2733 3498 2787 illum

1920 2827 2012 2895 qui
2039 2826 2206 2882 Gallis
2225 2834 2309 2883 est
2333 2843 2553 2896 magnus
2580 2810 3051 2891 contrarotulator,
3072 2840 3099 2878 a
3122 2823 3501 2895 λογαριάζειν,

1922 2910 2069 2991 quod
2102 2931 2185 2976 est
2220 2912 2549 2989 computare.
2709 2978 2713 2982 ,

1990 3013 2639 3083 Ib.Msra.loa.toritat.
2694 3012 2891 3068 Junius
2943 3014 3333 3084 interpretatur
3392 3031 3505 3069 ma-

1921 3109 2039 3180 gnis
2073 3108 2221 3176 equis
2258 3116 2480 3171 utentes,
2511 3108 2716 3178 magnis
2758 3109 2903 3176 equis
2936 3118 3251 3178 pugnantes.
3297 3106 3503 3163 Gners.

1994 3196 2138 3252 Ibid.
2169 3197 2590 3270 [Cataphraetos
2620 3200 2831 3269 equites
2863 3201 3142 3263 existimo,
3162 3184 3253 3269 qui
3278 3216 3508 3255 numero

1923 3298 1977 3346 et
2028 3290 2265 3360 postdere
2318 3307 2600 3346 annorum
2651 3308 2846 3362 graves
2897 3296 3109 3364 magnis
3162 3304 3217 3348 et
3266 3293 3503 3350 fortibus

1933 3383 2091 3451 equis
2135 3397 2273 3452 opus
2306 3384 2592 3439 haberent.

2005 3474 2148 3529 Ibid.
2189 3474 2627 3548 [Τρικὰὄαλλοι.
2684 3476 3054 3533 Trimarcisios
3109 3480 3317 3549 antiqui
3367 3480 3506 3536 Galli

1930 3564 2218 3639 dixissent,
2247 3567 2337 3632 qui
2368 3568 2543 3621 tribus
2584 3568 2783 3639 singuli
2822 3578 3052 3624 utuntur
3088 3574 3264 3640 equis.
3300 3570 3505 3627 Pausa~

1928 3658 2048 3712 nias
2078 3658 2263 3713 Gallos
2297 3669 2354 3712 ut
2377 3660 2448 3713 ita
2484 3661 2663 3715 dicam
2688 3662 3087 3731 τρικαὸάιλλους
3117 3663 3253 3717 duce
3282 3664 3495 3719 Brenno

1929 3749 1980 3803 in
2018 3749 2239 3830 Graecos
2274 3761 2471 3807 euntes
2518 3754 2835 3823 descripsit,
2868 3755 2907 3809 I.
2953 3770 3026 3809 x:
3064 3753 3261 3820 Fuere,
3302 3755 3507 3825 inquit,

1926 3859 2087 3911 supra
2107 3844 2381 3910 sexaginta
2412 3846 2644 3913 equitum
2669 3847 2835 3899 millia
2854 3846 3085 3915 amplius
3108 3850 3248 3900 mitte
3272 3848 3509 3900 ducenti.

1931 3935 2073 3988 Nam
2122 3934 2357 4004 singulos
2417 3936 2611 4004 equites
2663 3936 2766 3988 duo
2796 3935 2989 4003 {amuli
3053 3937 3403 4006 sequebantur
3454 3938 3509 3989 in

1928 4029 2091 4097 equis,
2126 4040 2174 4083 et
2202 4031 2302 4096 ipsi
2350 4030 2669 4097 equestrium
2696 4030 2895 4082 artium
2932 4032 3158 4084 maxime
3191 4032 3367 4100 gnari.
3430 4030 3505 4085 ΗΞ

1928 4120 2292 4190 prteliautibus
2327 4121 2554 4173 dominis
2585 4122 2637 4173 in
2666 4131 2903 4174 extrema
2936 4124 3047 4174 acie
3096 4124 3436 4177 consistentes
3459 4124 3511 4178 ei

1929 4224 2080 4265 erant
2103 4214 2243 4276 usui,
2269 4224 2321 4265 ut
2344 4212 2389 4265 si
2410 4213 2543 4281 forte
2563 4230 2721 4281 equus
2737 4220 2865 4267 estet
2886 4215 3136 4277 amissus,
3156 4217 3337 4268 statim
3358 4232 3512 4269 suum

1928 4304 2316 4368 submitterent,
2346 4306 2391 4357 si
2424 4307 2501 4357 vir
2545 4307 2884 4373 concidisset,
2909 4320 3087 4361 servus
3116 4308 3168 4361 in
3193 4308 3305 4377 ejus
3335 4309 3510 4362 locum

1930 4400 2224 4452 succederet
2249 4414 2266 4451 :
2304 4401 2489 4468 quodsi
2526 4410 2809 4468 utrumque
2829 4400 2949 4453 belli
2972 4402 3195 4471 impetus
3218 4403 3507 4468 evertisset,

1919 4495 2038 4560 jam
2076 4500 2268 4559 prazsto
2307 4502 2420 4544 erat
2455 4494 2663 4557 tertius,
2699 4495 2790 4561 qui
2825 4509 2921 4563 pro
2975 4497 3197 4547 mortuis
3233 4494 3407 4549 locum
3437 4504 3513 4550 te-

248 4576 450 4631 merito
480 4575 911 4653 venerabantur,“
937 4576 1081 4630 sicut
1122 4577 1317 4630 medici
1345 4576 1447 4634 SS.
1476 4579 1731 4633 Cosmum
1788 4587 1858 4633 et.
1878 4581 1918 4637 D
1950 4596 2109 4638 neret.
2138 4584 2313 4655 Atque
2343 4586 2481 4638 hanc
2506 4586 2903 4639 institutionem
2932 4602 3062 4641 voce
3095 4587 3266 4655 patria
3294 4589 3513 4641 trimar-

252 4667 576 4749 Damianum
608 4660 868 4721 medicos.
902 4665 1008 4722 Sed
1047 4682 1307 4747 processu
1358 4671 1616 4737 temporis
1646 4685 1839 4749 super-

249 4746 559 4838 seminavit
583 4748 840 4814 inimicus
875 4760 1036 4838 homo
1101 4744 1333 4815 zitania.
1370 4761 1511 4816 festo
1552 4744 1838 4833 propemo-

250 4842 383 4909 dum
432 4856 483 4907 in
544 4836 907 4907 Bacchanalia
961 4836 1045 4907 vel
1089 4852 1413 4922 Lupercalia
1466 4870 1648 4910 verso.
1706 4854 1838 4921 Qua:

251 4946 545 5015 aliquando
576 4944 769 5012 ﬁebant
805 4946 857 4999 in
892 4942 991 4999 SS.
1027 4947 1358 4999 notariorum
1382 4947 1513 5015 festo
1536 4963 1570 5000 α
1616 4948 1839 5001 notariis

251 5030 446 5113 pueros
486 5038 840 5115 docentibus,
898 5053 1019 5091 cum
1080 5039 1295 5091 scenicis
1371 5040 1609 5109 personis
1665 5041 1845 5110 {orum

252 5113 593 5195 abeuntibus,
629 5141 749 5186 ante
781 5113 987 5200 aliquot
1027 5120 1193 5183 annos
1233 5132 1567 5186 exoleverunt
1614 5134 1840 5187 sanctis-

250 5228 376 5281 simi
430 5225 575 5278 illius
628 5222 830 5275 domini
862 5219 1023 5276 Lucae
1079 5224 1406 5291 patriarclue
1469 5225 1700 5278 decreto.
1765 5225 1838 5277 Ita

253 5321 550 5375 Balsamon
580 5316 645 5369 ad
674 5315 744 5370 ϐᾶ
769 5329 1034 5390 canonem
1067 5314 1176 5368 Tru
1200 5316 1410 5385 ianum.
1443 5317 1643 5385 Eadem
1675 5316 1843 5379 ferme

254 5411 508 5468 invenies
561 5418 601 5462 t.
649 5405 719 5461 lll
772 5404 926 5461 Iuris
984 5396 1513 5477 Graaeoaltomanip.
1555 5408 1681 5462 223.
1740 5408 1846 5462 No-

254 5504 388 5561 tarii
432 5517 565 5570 ergo
592 5513 795 5570 pueros
854 5489 1019 5552 etiam
1074 5499 1361 5553 docebant.
1429 5498 1524 5553 \‘ix
1588 5500 1719 5567 {idus
1778 5505 1843 5555 de

256 5595 527 5670 palatinis
571 5601 626 5647 et
675 5590 1314 5661 ecclesiasticis;quare
1368 5592 1434 5645 ad
1498 5592 1637 5646 alios
1694 5604 1844 5646 nota-

258 5693 372 5748 rios
398 5689 636 5745 oliicium
663 5699 862 5756 pueros
896 5684 1123 5740 docendi
1154 5685 1498 5740 referendum
1530 5687 1661 5740 erit.

330 5786 415 5839 Ib.
452 5762 790 5837 Vocabulum
836 5779 1052 5847 κάστρα
1094 5780 1393 5847 generatim
1451 5779 1537 5834 hic
1569 5779 1845 5848 signiﬁcat

259 5878 608 5943 muniﬁcus,
648 5875 763 5932 sive
791 5874 975 5943 oppidi
1011 5873 1126 5929 sive
1161 5872 1370 5930 l'ossati.
1402 5872 1575 5926 Etiam
1609 5873 1843 5941 κάστρον

1944 4676 2133 4731 cisiam
2168 4675 2492 4731 nominant:
2527 4690 2727 4739 equum
2762 4676 2905 4728 enim
2942 4692 3175 4728 marcum
3208 4678 3511 4745 appellant.

1943 4764 2103 4835 272
2142 4766 2329 4820 Livius
2370 4766 2621 4819 eumdem
2672 4765 3030 4821 Numidarum
3087 4782 3291 4822 morem
3339 4768 3507 4824 fuisSa

1943 4857 2129 4921 refert,
2170 4858 2209 4913 l.
2236 4870 2368 4911 xxttt
2395 4873 2409 4911 :
2449 4858 2651 4922 Quibus
2684 4858 3007 4912 desultorum
3035 4859 3089 4910 in
3127 4859 3335 4912 modum
3365 4859 3513 4913 binos

1945 4946 2276 5000 trahentibus
2305 4959 2462 5017 equos
2500 4948 2636 4999 inter
2674 4948 2991 5000 acerrimam
3022 4963 3155 5014 strpe
3177 4965 3409 5019 pugnam
3458 4951 3515 5003 in

1944 5048 2199 5093 recentem
2241 5054 2429 5109 equum
2488 5054 2551 5091 ea:
2615 5037 2751 5106 fesso
2801 5038 3124 5092 transultare
3178 5056 3299 5092 suos
3354 5053 3512 5094 erat:

1947 5144 2094 5186 tanta
2129 5132 2379 5186 uelocitas
2440 5132 2593 5198 ipsis,
2643 5141 2749 5183 tam
2798 5131 2970 5184 docile
3021 5148 3276 5199 equorum
3326 5149 3508 5202 genus.

1948 5223 2021 5277 De
2070 5222 2279 5287 Quadis
2332 5234 2388 5276 et
2432 5222 2696 5277 Sarmatis
2748 5223 2887 5276 idem
2934 5232 3115 5276 narrat
3170 5223 3513 5278 Marcellinus

1947 5315 1983 5367 l.
2021 5330 2152 5369 xvn.

2017 5406 2077 5459 P.
2108 5406 2197 5460 42.
2233 5404 2636 5477 [Δικαϐάλλοι.
2672 5406 2818 5472 Quos
2850 5407 3173 5475 ἀμφίππους
3204 5404 3397 5460 Pollux
3425 5406 3511 5459 di-

1946 5510 2111 5564 ceret,
2139 5502 2227 5569 qui
2262 5500 2407 5553 binos
2443 5516 2598 5568 equos
2631 5501 2910 5563 habebant,
2940 5515 3163 5569 quorum
3194 5500 3331 5552 alter
3358 5498 3513 5554 alteri

1948 5592 2355 5665 adjungebatur.
2379 5592 2675 5661 Hesychius
2696 5611 2706 5645 :
2726 5592 3033 5660 Ἀμίππους
3055 5602 3107 5643 et
3129 5591 3354 5658 ἄζυγας.
3387 5590 3515 5645 Sui-

1948 5686 2063 5738 das:
2089 5684 2425 5753 ’Ἃμιπποιοι
2450 5686 2545 5738 σὺν
2565 5688 2749 5746 ἵπποις
2769 5686 3211 5753 στρατευόμνεοι.
3239 5686 3371 5738 καὶὸ
3391 5686 3521 5737 ἐπι.

1948 5776 2159 5829 λαύνων
2179 5776 2378 5839 αὐτοὺς
2402 5777 2496 5829 τοῦ
2521 5778 2618 5845 μὲν
2642 5780 2921 5845 ἐποχεῖται
2948 5778 3036 5829 τὸν
3079 5778 3135 5829 δὲ
3161 5780 3516 5856 παρέλκεται.

1947 5875 1990 5929 Δ
2026 5871 2289 5929 Romanis
2324 5872 2564 5940 antiquis
2586 5872 2638 5926 in
2682 5870 2901 5927 Graecos
2926 5885 3042 5926 mos
3076 5873 3177 5925 lste
3210 5869 3522 5926 desultoriis
