4252 6444
281 420 385 491 305

1358 429 1749 495 GRETSERI
1791 438 1883 497 ET
1927 439 2161 500 GOARi
2202 442 2442 501 ΝΟΤΑΕ.

3403 446 3516 513 306

352 540 499 596 Ibid.
526 541 626 615 [De
642 544 895 615 analogio
914 544 1025 601 sive
1043 546 1249 617 pulpito
1273 549 1483 618 egimus
1507 567 1604 607 nos
1626 569 1842 623 quoque
1875 560 1917 614 Α
1944 556 2326 626 διόάμπουλον,
2361 560 2411 613 id
2446 560 2698 615 nimirum
2744 563 2829 617 cui
2874 563 3084 635 lampas
3136 564 3516 633 imponebatur

280 632 349 688 ad
378 634 767 705 Euchologica.

349 724 524 806 Ibid,
560 725 743 798 [Μετὰ
792 728 913 783 τῶν
946 732 1260 798 ιερατικῶν
1297 735 1561 790 στολῶν.
1592 736 1703 792 Hoc
1761 748 1843 795 est

278 830 399 870 cum
425 818 750 873 sacerdotali
782 821 922 876 dicta
946 824 1085 878 stola
1112 834 1164 878 et
1196 830 1400 892 casula,
1431 833 1569 898 μετὰ
1598 833 1691 886 τοῦ
1721 834 1841 887 ἑπι-

274 908 568 976 τραχηλίου
616 911 710 963 καὶ
739 912 1025 980 φελωνιου.
1058 912 1377 976 Philotheus
1398 923 1451 976 in
1480 924 1671 980 ordine
1700 930 1838 982 sacri

274 999 564 1054 ministerii
594 1001 645 1055 in
680 1002 995 1077 Eucbologii
1037 1007 1245 1078 limine.
1812 1028 1815 1029 '

350 1088 493 1146 Ibid.
554 1091 693 1164 [Τοῦ
753 1097 1079 1163 τρικλίνου.
1133 1099 1359 1170 Hajaris
1421 1106 1561 1162 aula
1623 1112 1834 1177 palatii.

274 1183 391 1249 Xpu
408 1187 735 1249 τοτρὲκλινον
785 1188 946 1243 habet
979 1190 1225 1248 Zonaras
1256 1195 1306 1247 in
1329 1194 1578 1256 Iustino:
1611 1202 1712 1255 Τὸν
1742 1203 1834 1259 τοῦ

275 1272 540 1324 nautica
570 1276 1012 1346 χρυσοτρίκλινον
1055 1282 1381 1353 ιδομήσατο.
1414 1289 1522 1343 Leo
1553 1291 1839 1351 Gramma-

276 1361 453 1416 ticus:
510 1366 736 1435 Ati'tﬁc
757 1369 979 1440 δυτικῆς
1012 1372 1107 1426 τοῦ
1143 1380 1592 1446 χρυσοτρικλίνου
1644 1387 1821 1438 εισελ·

273 1456 404 1509 Θών.
434 1456 712 1510 Celebrent
745 1476 913 1528 porro
958 1464 1100 1518 diem
1125 1467 1269 1523 hunc
1303 1478 1356 1522 et
1391 1472 1703 1540 Epiphania:
1739 1493 1834 1532 co-

271 1546 453 1602 iubant
506 1548 885 1618 imperatores.
915 1554 1052 1607 acin
1092 1556 1159 1610 iis
1200 1573 1322 1612 sese
1365 1563 1615 1619 vestibus
1668 1568 1831 1637 regiis

270 1640 579 1705 amabant;
635 1642 777 1697 unde
811 1654 1033 1699 notatur
1077 1646 1422 1709 Justiniaaus
1492 1656 1833 1737 λυετούμενος

270 1732 348 1793 ei;
400 1732 467 1784 τὰ
525 1734 773 1799 γενέθλια
819 1738 912 1790 καὶ
972 1737 1235 1808 Θεοφάνη
1290 1748 1457 1816 χωρὶς
1517 1732 1834 1822 σξέμματος

270 1824 431 1891 προε)
446 1823 569 1878 θών.

1950 660 2001 703 et
2031 664 2140 718 quo
2160 649 2451 706 ferebatur.
2478 653 2535 707 ld
2564 662 2679 707 erat
2708 669 2906 709 aureus
2932 663 3152 723 cautus,
3186 665 3245 710 ut
3274 656 3515 717 Codinus

1948 739 2105 794 docet
2136 757 2150 792 :
2178 742 2235 793 in‘
2264 742 2427 811 hujus
2461 744 2605 797 enim
2641 745 2842 800 vertice
2906 748 3112 815 lampas
3174 747 3431 804 insistens
3480 766 3513 808 tt

1945 832 2279 902 lampadario
2307 836 2639 903 portabatur.
2675 836 2797 892 llzec
2823 840 3089 894 sententia
3117 840 3248 895 mihi
3300 841 3425 896 olim
3458 842 3513 897 iu

1945 924 2143 979 Facula
2173 941 2277 979 non
2306 927 2623 995 displicebat
2655 946 2668 983 :
2696 946 2840 984 nunc
2871 931 2982 985 alia
3003 942 3182 986 mente
3211 915 3513 1003 sum,'quia'

1942 1033 2039 1071 cur
2068 1029 2275 1084 contus,
2306 1021 2396 1088 qui
2423 1035 2666 1075 accensae
2690 1022 2957 1091 lampadis
2981 1023 3239 1079 fulcrum.
3289 1037 3514 1079 vocetur

1942 1108 2327 1177 διὸἀμπουλον,
2357 1122 2621 1181 exputare
2662 1129 2871 1167 mecum
2913 1098 3143 1185 nequeo,
3163 1116 3377 1172 etiamsi
3406 1134 3508 1170 non

1937 1202 2302 1271 διϐἀμπουλον
2324 1205 2418 1259 sed
2444 1204 2810 1275 διδέιμμουλον
2832 1208 3154 1263 scribamus.
3187 1210 3336 1263 Adde
3353 1211 3505 1280 quod

1940 1296 2183 1348 manuale
2213 1308 2265 1350 et
2286 1299 2696 1366 κηρομανουάλε
2725 1298 2888 1353 nimis
2906 1282 3109 1354 distant
3126 1316 3154 1352 a
3172 1301 3500 1367 dibampulo.

2011 1385 2187 1439 'l‘ert‘a
2236 1389 2502 1442 sententia
2533 1398 2706 1443 exstat
2738 1389 2788 1443 in
2820 1390 3005 1444 eadem
3064 1390 3510 1451 Turco-Grasciao

1937 1471 2304 1541 διὸἀμπουλον
2355 1490 2475 1530 esse
2528 1477 2837 1543 turibulum,
2892 1494 3055 1547 quam
3108 1480 3507 1548 expositionem

1936 1563 2143 1631 accepit
2172 1563 2400 1619 Crusius
2428 1580 2457 1619 a
2491 1566 2692 1623 Graecis
2726 1568 2919 1623 insulas
2945 1569 3272 1636 Sautorintn,
3304 1572 3504 1640 quibus

1937 1653 2115 1710 lavere
2133 1656 2347 1710 videtur
2377 1666 2487 1711 tum
2512 1660 2623 1728 ipsa
2638 1660 2805 1725 natio,
2838 1662 2964 1730 quia
2982 1660 3157 1716 Graeci
3186 1672 3334 1729 sunt,
3367 1678 3507 1731 quos

1939 1745 2122 1813 utique
2153 1749 2349 1802 melius
2382 1764 2545 1805 nosse
2576 1752 2677 1805 ista
2707 1754 2988 1821 oportebat
3033 1769 3195 1822 quam
3260 1766 3502 1820 exteros,

1936 1845 2047 1891 tum
2081 1840 2207 1908 quia
2233 1856 2338 1895 non
2366 1842 2437 1895 sit
2462 1843 2759 1899 verisimile
2783 1845 3071 1898 turibulum
3106 1848 3156 1900 in
3186 1848 3271 1904 bis
3314 1850 3508 1902 aulicis

338 1909 481 2015 Ibid.
518 1914 1067 1987 [Ἐπιρῤιπταρίων.
1100 1923 1306 1994 Capitis
1329 1932 1652 1999 tegimenest
1677 1936 1829 2007 ὲπιῤ-
1867 1911 1905 1969 Β
1934 1943 2016 1982 COI

1827 1970 1829 1975 .
1867 1911 1905 1969 Β
1934 1932 2291 2015 conventibus
2322 1933 2559 1988 adfuisse
2593 1954 2607 1999 ;
2639 1944 2694 1988 et
2734 1935 2872 1991 forte
2924 1937 3277 1992 scribendum
3332 1942 3506 2009 θυέιμ-

268 2003 585 2074 ριπτᾶριον,
620 2009 774 2064 vestis
812 2028 972 2080 genus
1006 2033 1033 2068 a
1067 2015 1308 2076 Meursio
1332 2025 1588 2090 generice
1611 2003 1826 2095 etposi4

263 2105 403 2149 tum.
463 2097 674 2155 Eviucit
702 2102 1041 2173 Curopalatm
1066 2110 1119 2164 in
1151 2110 1513 2173 Constantino
1535 2118 1730 2176 Leonis
1762 2121 1824 2179 ἰδ’.

262 2188 602 2243 auctoritas:
652 2193 758 2246 Τοῦ
796 2196 1024 2266 Συμεὼν
1089 2202 1486 2271 ὑποκλξναντος
1513 2209 1592 2279 τῷ
1622 2229 1825 2281 πατρι-

259 2279 406 2352 άρχῃ
423 2282 521 2351 τὴν
547 2287 790 2356 κεφαλὴν
824 2290 918 2341 καὶ
948 2291 1111 2362 εὐχὴν
1140 2294 1444 2367 διξαμίνου
1470 2302 1603 2368 παρ’
1633 2279 1821 2369 αὐτοῦ,

259 2369 613 2463 ἐπιτιθέντος,
666 2375 741 2439 ὥς
774 2396 928 2446 φασι,
976 2386 1040 2452 τῇ
1094 2384 1377 2457 βαρϐάρου
1428 2394 1642 2463 κεφαλῇ
1702 2395 1825 2448 ἀντὶ

260 2462 526 2530 στεφάνου
564 2465 625 2517 τὸ
647 2464 779 2520 (διον
809 2471 1258 2543 ὲπιῤῥιπτάριον.
1289 2478 1396 2534 Leo
1416 2462 1823 2541 Grammaticus

260 2566 372 2607 rem
410 2555 654 2610 eamdem
691 2574 944 2627 narrans,
979 2564 1157 2637 Εὐχὴν
1190 2566 1306 2639 οὖν,
1338 2572 1534 2641 inquit,
1566 2578 1593 2628 ὀ
1627 2594 1822 2647 naept-

257 2643 433 2713 άρχης
467 2648 715 2717 ποιήσας.
742 2653 862 2707 ἀντὶ
895 2658 1207 2727 σεέμματος
1242 2661 1301 2714 τὸ
1325 2663 1523 2718 ἑαυτοῦ
1568 2643 1823 2737 hippia-

256 2736 444 2806 τᾴριον
473 2743 537 2812 τῇ
569 2744 731 2796 αὑτοῦ
758 2746 996 2815 ἐπέθηκε
1036 2752 1267 2821 κεφαλῇ.
1306 2751 1498 2810 Merito
1534 2736 1818 2825 equidem:

258 2833 427 2885 vestis
455 2835 600 2888 enim
632 2851 801 2905 genus
836 2852 940 2890 non
980 2838 1354 2907 imposuisset,
1394 2861 1489 2899 nec
1521 2845 1622 2900 nisi
1671 2858 1819 2917 trgu-

258 2924 425 2976 menti
456 2927 652 2993 capitis
702 2928 850 2994 vice,
916 2933 965 2983 id
1000 2941 1081 2984 est
1141 2932 1499 2998 diadematis,
1540 2940 1819 3007 proprium

256 3018 460 3085 pileum
490 3020 866 3097 substituisset
918 3026 1252 3092 patriarcha.
1283 3029 1432 3084 Adde
1461 3032 1721 3097 lectores,
1743 3034 1813 3089 de

254 3109 457 3177 quibus
478 3093 683 3175 serino,
710 3112 900 3169 adesse
923 3114 1236 3184 imperatori
1262 3121 1403 3187 μετὰ
1446 3122 1556 3175 τῶν
1581 3093 1816 3191 titulun

1930 2023 2144 2087 πουλον,
2182 2026 2341 2079 εθύω
2370 2026 2604 2093 immoto,
2636 2030 2777 2083 unde
2802 2030 2990 2085 ett/tus
3020 2030 3283 2101 originem
3302 2033 3501 2088 ducere

1928 2113 2161 2168 videtur.

1995 2200 2191 2265 Quarta
2218 2206 2479 2259 sententia
2511 2207 2723 2261 videtur
2750 2222 2870 2263 esse
2894 2205 3114 2265 ileursii
3135 2226 3184 2264 v.
3211 2213 3503 2281 Μονοὸἑμο

1926 2288 2111 2342 δουλον
2135 2332 2150 2357 ,
2176 2292 2269 2360 qui
2303 2295 2717 2363 μονοὸἁμπυλον
2753 2304 2809 2350 ct
2840 2296 3179 2366 διϐάμπυλον
3198 2300 3266 2353 ab
3285 2299 3498 2354 ambula

1923 2381 2171 2446 arcessit,
2200 2389 2259 2437 ut
2284 2383 2353 2436 sit
2383 2383 2510 2437 illud
2539 2387 2691 2453 quasi
2725 2386 2955 2455 simplex
2985 2396 3038 2442 et
3101 2388 3349 2450 unicum.
3395 2391 3497 2445 hoc

1923 2471 2122 2541 duplex
2152 2474 2553 2543 ambulacrum,
2586 2493 2682 2532 seu
2714 2488 2771 2533 ut
2800 2478 2912 2548 ipse
2957 2480 3218 2550 loquitur,
3261 2483 3486 2551 simplex

1922 2565 2161 2619 conclave
2188 2568 2377 2635 palatii
2404 2570 2671 2634 secretius,
2695 2572 2748 2623 in
2761 2588 2861 2639 quo
2883 2574 3299 2643 congregabatur
3325 2575 3494 2630 clerus

1922 2657 2282 2723 patriarcham
2305 2676 2491 2713 novum
2510 2662 2789 2717 electurus.
2819 2662 3051 2718 Codinus
3070 2666 3183 2734 ejus
3202 2669 3439 2722 meminit
3476 2684 3491 2720 :

1934 2747 1994 2799 ’0
2026 2748 2269 2816 δεύτερος
2300 2752 2570 2821 ὀστιάριος
2594 2752 2810 2824 κρατῶν
2830 2753 2892 2807 τὸ
2922 2755 3352 2827 μονοσάμϐυλον.
3384 2760 3494 2811 Λη-

1924 2849 1973 2892 te
1994 2842 2090 2893 hoc
2109 2853 2220 2894 erat
2249 2845 2416 2903 aliud,
2439 2846 2490 2896 in
2514 2845 2650 2913 quod
2675 2846 2972 2908 promiscue
2992 2849 3363 2902 conveniebant
3388 2868 3498 2903 om-

1921 2947 2009 2985 nes
2032 2935 2121 3000 qui
2146 2943 2387 2998 cuperent
2416 2937 2599 2987 statim
2628 2938 2761 2990 scire
2782 2954 2934 3006 quem
2953 2938 3123 2991 clerus
3137 2941 3497 3007 patriarcham

1919 3031 2146 3077 creasset
2168 3039 2187 3078 :
2208 3034 2254 3078 et
2284 3025 2415 3077 illud
2432 3023 2758 3092 δισάμόυλον
2792 3026 3083 3080 dicebatur.
3120 3026 3330 3082 Invenio
3385 3030 3497 3097 ejus

1921 3116 2231 3169 mentionem
2257 3117 2398 3184 apud
2420 3116 2738 3181 Phranzens,
2772 3134 2855 3181 Ill,
2903 3118 2989 3174 t9.
3042 3117 3339 3173 Secundum
3388 3121 3498 3175 Ιιωε

254 3199 353 3251 καὶ
382 3202 827 3273 ιπιρριπταρίων
852 3222 866 3257 :
895 3208 1258 3263 canonarchr
1274 3224 1411 3265 vero
1442 3228 1675 3269 numero
1698 3229 1812 3283 seq,
1844 3237 1888 3296 ϐ
1919 3210 2225 3278 patriarcha
2257 3225 2372 3261 cum
2400 3209 2730 3275 lampadibus
2752 3212 2820 3265 ad
2841 3211 3147 3265 dtbambula
3179 3213 3284 3266 sive
3299 3215 3497 3269 atrium

251 3291 400 3358 μετὰ
419 3294 657 3361 ἱματίων
676 3296 853 3365 μόνων
876 3300 967 3351 καὶ
991 3302 1286 3366 ἀσκεπετςτ
1313 3305 1519 3375 absque
1535 3310 1817 3378 epirripta—

256 3382 355 3433 riis
414 3380 597 3447 igitur,
630 3382 681 3436 id
696 3390 779 3438 est
808 3385 976 3451 pileis.

326 3470 469 3526 Ibid.
543 3475 823 3541 Καμίσια.
876 3477 1111 3548 Syuu-on
1170 3479 1683 3543 Thessalonicensis
1751 3492 1818 3546 de

254 3562 657 3624 Sacramentis:
704 3566 762 3631 '0
808 3570 1162 3639 ἁναγνώστης
1214 3551 1476 3645 κέλτηται
1526 3578 1727 3649 ἔνδυμα
1754 3561 1818 3637 τί

254 3653 591 3721 καλούμενον
659 3657 938 3725 καμίσιον,
997 3660 1134 3730 ὅπερ
1167 3665 1308 3717 κατὰ
1331 3664 1499 3720 τύπον
1547 3669 1814 3737 φελωνίου

250 3747 371 3796 tot!
409 3746 605 3815 μικροῦ
639 3748 976 3821 ἢστιχαρίου
1012 3754 1076 3806 ὲκ
1108 3755 1277 3822 λίνου,
1313 3757 1414 3829 τὴν
1444 3761 1700 3834 ἀπαρχὴν
1715 3764 1815 3835 τῆς

253 3835 552 3907 ἱερωσῠνης
586 3838 801 3907 δηλοῦν,
831 3841 910 3895 διὸ
940 3845 1266 3918 καὶ-μικρόν
1298 3852 1435 3915 tm,
1465 3852 1559 3906 καὶ
1588 3855 1813 3925 τὴνάπὺ

248 3929 385 3981 Θεοῦ
407 3931 616 4001 σκέπην
641 3935 914 4002 σημαίνει,
939 3938 971 4006 ἢ
993 3941 1303 4009 πορφυροῦν
1319 3943 1407 3998 διὰ
1424 3945 1483 3998 τὸ
1501 3951 1813 4019 πορφυροῦν

248 4024 341 4071 το]
372 4022 610 4089 Χριστοῦ
642 4020 879 4092 ἱμάτιον,
914 4031 1002 4078 καὶ
1035 4029 1227 4084 λευκὸν
1252 4032 1339 4085 διὰ
1369 4034 1680 4105 τδκαθαρὸν
1709 4039 1812 4109 τῆς

251 4112 547 4181 ἱερωσύνης
580 4117 670 4166 καὶ
709 4117 798 4167 τὸν
851 4119 957 4168 ἀπὸ
990 4119 1126 4174 Θεοῦ
1174 4126 1470 4193 φωτισμόν.
1528 4126 1809 4185 Cedrenus

245 4213 301 4256 ct
334 4203 690 4273 Tltmphanes
732 4209 1046 4276 χαρσασίων
1083 4215 1352 4274 καμισίων
1384 4218 1807 4290 bombycinaruu:

248 4292 329 4342 vt-l
378 4293 639 4345 linearum
674 4295 1026 4351 interularum
1060 4302 1357 4358 meminere
1403 4306 1460 4359 in
1521 4306 1805 4365 Heracleo.

318 4381 379 4434 Ib
408 4387 462 4435 ά.
486 4385 725 4455 [Λευκὰ.
746 4386 907 4452 Color
929 4392 1231 4459 praecipuus
1258 4396 1311 4448 in
1338 4399 1566 4452 ecclesia
1594 4401 1806 4456 habitus

241 4472 603 4541 dignioribus,
628 4491 959 4543 purpureus,
993 4496 1104 4549 quo
1132 4498 1222 4550 per
1249 4486 1723 4556 quadragesimam
1751 4501 1805 4545 et

244 4565 295 4613 iu
328 4563 614 4617 funeribus
653 4575 879 4621 utuntur
914 4569 1083 4625 Grzrci
1109 4612 1123 4633 ,
1152 4573 1505 4631 inferioribus
1536 4580 1807 4651 ministris

242 4653 519 4707 tribuitur.
558 4653 785 4723 Symcon
814 4656 1316 4717 Thessalonicensis
1344 4665 1417 4719 De
1450 4682 1709 4735 sacram.,
1743 4679 1804 4724 et

238 4745 553 4802 Demetrius
580 4748 845 4819 Bulgaria:
867 4752 1018 4809 luris
1040 4754 1154 4811 Gli.
1179 4758 1218 4811 l.
1245 4775 1294 4813 v.
1326 4759 1524 4835 80am]

308 4839 470 4911 27⁸5
491 4841 543 4894 Ρ.
568 4843 657 4907 ﬂ,
688 4847 840 4899 Circa
861 4846 1249 4916 διόαμπουλον,
1268 4853 1410 4917 quod
1435 4853 1802 4924 lampadarius

235 4945 434 4998 geszat,
461 4942 514 4986 ct
537 4936 692 5003 cujus
708 4938 953 4995 Godinus
986 4954 1065 4994 tcr
1098 4944 1365 5011 meminit,
1406 4944 1493 4999 bic
1542 4958 1594 5001 et
1641 4948 1803 5017 paulo

234 5024 402 5090 infra,
434 5027 598 5081 variae
619 5039 747 5084 sunt
785 5034 1086 5088 sententiae.
1120 5033 1299 5090 Prima
1336 5036 1505 5101 Junii,
1555 5042 1645 5108 qui
1689 5042 1807 5096 ubi-

232 5134 339 5185 que
372 5121 528 5173 vertit
544 5122 704 5177 divini
725 5127 897 5178 cultus
926 5130 1232 5192 ampullam.
1255 5128 1376 5184 Non
1392 5148 1605 5202 possunt
1620 5150 1798 5188 assen-

231 5210 344 5274 tiri,
383 5209 558 5279 inquit
596 5211 862 5271 Meursius
894 5234 907 5269 :
941 5216 1193 5273 Facerem
1224 5222 1273 5275 si
1295 5222 1438 5286 διϐος
1491 5240 1588 5291 pro
1633 5224 1797 5283 divus

230 5304 546 5356 recentiores
571 5306 783 5361 Grccos
816 5324 1098 5376 usurpasse
1142 5311 1441 5368 invenirem.

297 5393 486 5447 Altera
509 5398 775 5453 sententia
811 5408 893 5451 est
908 5399 1261 5468 δισάμσουλον
1289 5416 1408 5457 esse
1430 5406 1793 5475 κηροδοχετον,

222 5484 311 5537 ein
338 5484 704 5555 kersenstany.
730 5489 874 5556 quod
905 5490 957 5542 in
984 5491 1219 5555 διατάξει
1244 5495 1343 5560 τῆς
1401 5499 1796 5563 ἱεροδιακνινίας

225 5572 497 5627 Philothei
513 5578 831 5642 patriarcha
843 5578 1108 5648 Cpolitani
1126 5584 1435 5639 nominatur
1453 5590 1797 5655 μανηυάλιον,

228 5664 516 5719 mantele:
554 5666 610 5719 '0
636 5668 985 5739 ἀνατνώπης
1013 5675 1252 5742 κατέχων
1280 5679 1604 5742 μανουάλιον
1658 5685 1794 5749 μετὰ

221 5754 505 5822 λαμπάδος
536 5758 808 5827 ὴμμένης.
831 5757 884 5813 In
906 5760 1108 5830 ,Typico
1136 5765 1190 5816 S.
1225 5762 1379 5819 Saba:
1402 5771 1602 5836 reperis
1629 5788 1791 5842 κηρο-

227 5848 529 5913 μαινουάλια
555 5849 741 5903 eodem
771 5866 991 5919 prorsus
1020 5853 1344 5924 signiﬁcatu.
1379 5857 1517 5913 Idem
1566 5866 1787 5920 omnino

1920 3302 2281 3366 descendebat,
2306 3314 2653 3374 paratumque
2670 3307 2930 3359 inveniens
2952 3321 3139 3377 equum
3161 3307 3493 3360 ascendebat.

1924 3391 2028 3447 Sed
2054 3394 2182 3462 quid
2218 3395 2283 3448 de
2318 3394 2720 3465 monobambylo
2750 3398 3090 3451 sentiendum
3122 3399 3191 3453 sit
3222 3399 3333 3468 jam
3368 3402 3400 3452 Ι.
3454 3414 3491 3457 ι.

1917 3500 1967 3541 c.
2004 3486 2090 3549 l0,
2123 3489 2344 3557 exposui
2384 3505 2397 3541 :
2426 3490 2660 3557 expungi
2693 3491 2950 3543 nimirum
2982 3490 3162 3556 debet,
3191 3491 3355 3562 inque
3378 3494 3495 3563 ejus

1916 3577 2096 3633 locum
2128 3580 2387 3633 substitui
2416 3579 2796 3648 μονάμπουλον
2829 3582 2944 3635 sive
2985 3583 3420 3652 μονάμπυυὶλο-κ,
3444 3596 3497 3638 et

1918 3670 2075 3726 notio
2105 3671 2235 3724 atrii
2260 3686 2355 3726 seu
2378 3671 2675 3725 ambulacri
2740 3672 2825 3725 his
2882 3672 3094 3727 duobus
3142 3672 3332 3728 Codini
3364 3676 3496 3729 locis

1915 3762 2066 3818 nullo
2100 3762 2258 3817 modo
2281 3762 2542 3832 applicari
2572 3770 2751 3833 potest
2780 3781 2792 3817 :
2831 3778 2955 3818 nam
2996 3764 3365 3834 lampadarius
3411 3766 3495 3821 di-

1913 3855 2056 3910 citur
2084 3853 2292 3926 φέρειν,
2326 3855 2569 3908 manibus
2595 3847 2753 3923 ferre,
2786 3869 2908 3909 cum
2964 3870 3190 3910 accensa
3247 3856 3494 3925 lampade

1910 3947 2289 4015 διὸάμπουλον.
2324 3950 2402 4001 An
2424 3949 2678 4002 conclave
2704 3948 2784 4001 vel
2822 3949 2984 4002 trium
3003 3948 3255 4003 manibus
3275 3958 3447 4018 gestat
3463 3964 3493 4003 e

1913 4040 2427 4110 potuitiAddelmc
2450 4040 2515 4094 de
2542 4039 2784 4094 conclavi
2816 4042 3086 4095 exteriore
3134 4051 3186 4095 et
3235 4042 3491 4095 interiore

1911 4146 2030 4193 esse
2081 4131 2333 4201 ﬁgmenta
2397 4129 2567 4197 Junii,
2600 4148 2912 4201 quanquam
2963 4133 3078 4202 ipse
3127 4132 3489 4202 διόάμπου)ον

1909 4238 2185 4292 nunquam
2212 4222 2278 4276 ad
2312 4224 2553 4277 exterius
2586 4225 2839 4278 conclave
2872 4225 3075 4290 retulit,
3108 4240 3287 4293 neque
3316 4225 3482 4278 etiam

1908 4313 1963 4368 in
1985 4329 2085 4368 suo
2108 4313 2505 4382 monobambylo
2538 4314 2602 4367 ad
2620 4314 2680 4365 τὸ
2697 4315 3059 4367 ambulacrum
3088 4314 3170 4369 vel
3188 4315 3485 4379 ambulare,

1908 4406 2001 4460 sed
2022 4406 2087 4459 ad
2107 4405 2166 4457 τὸ
2185 4403 2484 4474 βιμόἀλειν
2503 4404 2765 4472 respexit.
2783 4404 3000 4458 Accedit
3020 4404 3163 4473 apud
3182 4404 3483 4459 Phranzcm

1906 4512 2017 4559 non
2049 4496 2557 4567 legi6t6aunouim,
2591 4494 2684 4548 sed
2732 4495 3040 4548 diababula.
3093 4496 3163 4548 At
3216 4494 3485 4577 Meursius

1901 4588 2131 4657 corrigit
2153 4586 2316 4659 276
2342 4584 2705 4654 acapna-na.
2766 4585 2886 4650 Quo
2944 4585 3135 4642 codice
3165 4585 3338 4641 fretus
3374 4585 3397 4639 τ
3426 4585 3484 4640 Si

1908 4676 2036 4745 quid
2067 4677 2449 4746 corrigendum
2478 4676 2550 4731 sit
2577 4718 2591 4743 ,
2625 4676 2807 4744 potius
2867 4686 2921 4731 et
2957 4692 3086 4731 vero
3116 4680 3339 4747 propius
3364 4692 3487 4751 cor-

1907 4769 2136 4825 rexerim
2165 4768 2520 4834 διαπάτουλα,
2546 4778 2648 4824 hoc
2670 4779 2751 4823 est
2773 4769 2839 4824 ad
2875 4769 3003 4840 loca
3060 4770 3326 4839 patentia,
3375 4788 3484 4827 uno

1909 4864 2073 4918 verbo
2099 4864 2164 4917 ad
2196 4863 2417 4926 atrium,
2440 4878 2534 4917 seu
2558 4863 2623 4916 ad
2643 4862 2894 4927 διάὸατα,
2922 4867 3198 4918 transitus.

1979 4954 2177 5025 Quinta
2201 4952 2468 5008 sententia
2498 4961 2579 5007 est
2602 4952 2845 5021 ejusdem
2894 4952 3136 5017 Meursii,
3171 4954 3263 5022 qui
3286 4962 3339 5009 et
3390 4955 3476 5010 hic

1907 5054 1959 5102 et
1972 5046 2025 5100 in
2044 5047 2289 5118 catalogo
2308 5045 2367 5101 οἵ
2370 5046 2613 5100 liciorum
2631 5044 2834 5117 Magna
2852 5044 3108 5100 Ecclesiae
3126 5047 3444 5118 μονοδάμϐη
3457 5076 3476 5085 -

1902 5140 1992 5196 λον
2014 5150 2068 5194 ct
2088 5139 2420 5209 διμόἀμϐηλον
2449 5156 2477 5193 a
2513 5140 2624 5193 velo
2647 5140 3056 5195 rescribendum
3086 5150 3292 5205 censet,
3313 5143 3471 5211 quasi

1904 5231 1993 5287 ille
2022 5214 2253 5301 simplex
2290 5231 2490 5294 velum,
2526 5233 2611 5288 bic
2639 5233 2839 5302 duplex
2876 5233 2931 5290 in
2964 5235 3215 5289 custodia
3242 5250 3340 5289 sua
3375 5235 3474 5287 ha-

1903 5323 2102 5388 buerit,
2135 5325 2318 5377 velarii
2342 5325 2547 5393 utique,
2578 5327 2668 5394 qui
2707 5343 2850 5382 nunc
2880 5342 2909 5379 a
2955 5328 3131 5390 ianuis
3166 5327 3426 5396 janitores
3450 5344 3473 5392 ,‘

1903 5431 2030 5469 nam
2061 5416 2160 5469 sub
2196 5416 2325 5470 velis
2356 5418 2484 5471 olim
2532 5433 2615 5472 res
2665 5420 2971 5488 gerebatur.
3027 5420 3293 5474 Caeterum
3330 5437 3463 5476 mss.

1903 5506 2059 5559 codd.
2100 5506 2149 5558 in
2181 5508 2366 5574 primis
2411 5518 2733 5577 repugnant,
2789 5525 3021 5578 quorum
3072 5512 3252 5565 nullus
3278 5514 3463 5581 -jstam

1901 5596 2223 5664 scripturam
2261 5598 2415 5651 nobis
2439 5599 2678 5653 exhibet.
2718 5600 2918 5656 Deinde
2968 5602 3336 5669 lampadarius
3388 5612 3465 5657 te-

1899 5702 2031 5740 nens
2064 5687 2427 5756 διὸἀμπουλον
2453 5705 2570 5743 cum
2604 5692 2850 5761 lampade
2894 5710 3118 5747 accensa
3162 5694 3464 5763 διϐάμπουσ-

1895 5781 1984 5831 λον
2011 5782 2069 5834 in
2097 5797 2257 5835 manu
2282 5784 2530 5851 portabat
2559 5802 2571 5837 :
2610 5800 2715 5838 non
2749 5796 2866 5839 erat
2894 5801 3025 5854 ergo
3054 5788 3256 5851 velum,
3286 5804 3317 5845 a
3348 5802 3457 5856 quo

1895 5874 2072 5931 velarit”
2104 5884 2151 5927 et
2181 5877 2416 5929 custodes
2451 5876 2547 5929 τειί
2573 5892 2767 5931 nomen
2801 5879 2978 5932 sortiti
3012 5892 3151 5932 sum.
3176 5878 3281 5933 Nec
3301 5880 3457 5948 Juvat
