4252 6444
276 396 381 462 309

1370 403 1754 469 ORE‘TSERI
1795 406 1888 469 ΕΤ
1926 406 2162 467 GOARI
2211 406 2448 465 NOTAE-

3430 406 3545 474 310

347 518 444 579 Εἰς
478 518 579 587 τὴν
623 518 909 589 τράπεζαν
934 519 1158 589 εὔχεται
1186 521 1358 583 οὕτως
1382 540 1393 553 ·
1463 525 1552 586 Εἰς
1583 526 1645 576 τὸ
1695 525 1863 578 πολυο
1896 531 1935 584 Α
1970 524 2026 577 εἰ)

1857 553 1863 565 ι
1896 531 1935 584 Α
1970 524 2062 585 sit,
2088 525 2337 608 versibus
2362 524 2617 593 explicat,
2653 523 2719 577 de
2777 521 3033 577 laudibus
3092 520 3320 586 Justini,
3350 538 3390 587 t,
3431 524 3536 578 202

277 611 517 681 χρόνιον,
550 611 719 681 ζωὴν,
747 615 997 681 εἰρήνην,
1032 614 1243 680 ὑγείαν,
1294 617 1554 670 εὑόόωσιν
1589 618 1685 671 καὶ
1730 618 1850 670 κατ’

279 703 490 779 ἐχθρῶν
511 704 671 774 νίκην
702 704 808 757 τῶν
840 706 1123 774 κραταιῶν
1143 708 1236 762 καὶ
1262 707 1434 776 ἁγίων
1470 708 1627 779 ἡμῶν
1658 710 1852 762 αὑοενσ

277 797 386 850 τῶν
418 798 521 851 καῖ
542 797 829 867 βασιλέων.

276 888 433 945 Votis
456 892 572 947 istis
598 893 652 946 in
684 893 917 947 ecclesia
944 894 1311 961 patriarcham
1339 895 1638 961 excipiunt:

344 982 454 1034 Τὸν
482 983 757 1053 δεσπότην
781 987 875 1038 καὶ
904 988 1173 1055 ἀρχιερέα
1203 988 1382 1057 ἡμῶν,
1422 990 1619 1060 Κύριε,
1650 992 1853 1061 φύλατ-

273 1092 353 1128 τε.
386 1076 625 1142 Λέγεται
661 1078 719 1130 δι
748 1079 892 1147 τρίς·
929 1080 1096 1150 2⁸18
1139 1082 1233 1145 Ei;
1270 1084 1467 1136 ,πολλὰ
1525 1084 1643 1153 ἔτη.
1696 1088 1852 1155 Τρίς⁸

280 1166 371 1231 El;
396 1169 455 1223 ss
487 1171 588 1239 τὴν
622 1173 911 1242 τράπεζαν
940 1173 1168 1245 εὔχεται
1193 1176 1369 1241 οὕτως
1402 1194 1418 1210 ο
1457 1180 1553 1243 Et;
1588 1180 1651 1233 τὸ
1685 1181 1850 1242 παλμ-

276 1260 511 1328 χρόνιον,
545 1262 713 1333 ζωὴν,
746 1265 994 1335 εἰρήνην,
1026 1267 1218 1335 ὑγείαν
1277 1272 1373 1323 καὶ
1432 1272 1715 1341 σωτηρίαν
1755 1274 1851 1326 τοῦ

280 1354 706 1421 παναγιωτάτου
758 1357 921 1427 ἡμῶν
979 1359 1246 1415 δεσπότου
1316 1363 1411 1416 καὶ
1467 1366 1851 1435 οἰκουμενικοῦ

281 1446 639 1514 πατριάρχου.
674 1447 875 1521 Go.tll.]

348 1535 410 1589 P.
437 1538 528 1591 45.
564 1537 730 1610 Cujus
765 1542 1052 1613 lampadis,
1077 1554 1188 1601 etc.
1212 1548 1408 1603 Exstat
1442 1548 1711 1603 Theodori
1734 1550 1854 1603 Bal-

278 1631 731 1688 samnnismelete
772 1649 867 1689 seu
910 1637 1239 1703 disceptatio
1270 1641 1337 1695 de
1370 1642 1476 1696 hoc
1511 1644 1856 1713 moreimpe-

280 1721 449 1775 ratori
482 1724 804 1791 prtel'erendi
840 1729 1171 1799 lampadem,
1213 1743 1271 1789 ut
1301 1742 1366 1789 et
1414 1735 1749 1803 imperatrici
1799 1746 1854 1791 et

282 1815 530 1885 quinque
564 1820 915 1887 patriarcbis.
970 1823 1240 1893 Romano,
1280 1828 1586 1898 Cpolitano,
1624 1830 1855 1885 Alexan-

278 1905 461 1970 drino,
492 1908 861 1981 Antincheno,
887 1916 1410 1990 Hierosolymitano.
1436 1924 1523 1978 Ait
1548 1925 1858 1993 imperatori

280 1999 552 2067 duplicem
582 2005 651 2058 ob
671 2020 892 2062 causam
924 2009 1171 2079 praeferri
1204 2012 1533 2083 lampadem,
1566 2027 1678 2070 tum
1727 2018 1856 2085 quia

283 2091 523 2149 humana
558 2104 671 2149 tum
703 2100 829 2168 quia
861 2100 1044 2155 divina
1068 2114 1245 2169 curat,
1271 2112 1495 2176 tamque
1529 2123 1591 2162 ea
1622 2123 1755 2177 qua:
1786 2108 1853 2161 ad

284 2198 484 2254 corpus
508 2202 669 2255 quam
701 2205 761 2244 ea
785 2206 907 2260 qua
934 2194 999 2247 ad
1030 2194 1272 2249 animam
1332 2200 1610 2267 pertinent
1662 2202 1854 2270 (hujus

284 2274 427 2329 enim
462 2278 692 2345 geminae
713 2283 999 2350 potestatis
1023 2286 1383 2341 concessione
1434 2288 1855 2348 blandiebantur

284 2369 613 2426 recentiores
651 2370 822 2429 Graeci
858 2375 974 2429 suis
1018 2375 1498 2449 imperatoribus),
1554 2397 1726 2453 eaque
1789 2387 1856 2441 de

284 2473 454 2513 causa
486 2460 1135 2536 lampadesimperatoris
1180 2471 1501 2541 duplicibus
1530 2478 1715 2533 aureis
1767 2494 1858 2533 co-

287 2550 441 2606 ronis
467 2552 677 2608 cinctas
704 2570 861 2622 esse;
918 2562 1352 2628 patriarcharum
1382 2581 1513 2620 vero
1548 2568 1849 2638 lampades,

285 2652 343 2694 ut
369 2652 425 2697 et
468 2645 856 2715 imperatricis,
884 2666 991 2707 una
1016 2662 1253 2721 tantum,
1274 2672 1340 2711 eo
1357 2660 1502 2728 quod
1534 2663 1856 2729 patriarcha:

286 2734 656 2802 spiritualium
678 2745 1059 2799 tantummodo
1081 2760 1270 2800 curam
1308 2748 1558 2817 habeant,
1592 2753 1850 2809 mulieres

287 2828 612 2895 temporalia
639 2830 907 2887 duntaxat
968 2845 1236 2905 spectent,
1297 2840 1498 2910 quippe
1543 2843 1746 2912 quibus
1798 2847 1851 2900 in

286 2916 520 2972 ecclesia
545 2918 749 2977 docere
784 2922 1140 2981 interdictum
1171 2929 1263 2983 sit.

356 3006 626 3097 Videntur
648 3024 827 3069 autem
856 3018 969 3073 huic
997 3035 1161 3075 aurea
1193 3023 1273 3077 vel
1305 3034 1557 3094 argentea
1579 3028 1853 3097 στεφανώ-

289 3116 458 3168 ματα,
500 3111 560 3156 υι
582 3093 872 3161 Balsamon
908 3119 1079 3173 vocat,
1120 3120 1173 3165 et
1198 3093 1585 3185 Θριγγῷματα,
1635 3093 1850 3176 curante

1958 625 2009 669 et
2036 616 2160 679 556,
2197 634 2256 681 tt,
2292 618 2396 671 165
2426 628 2481 670 et
2512 615 2639 670 308.

2028 707 2334 774 Nicepltoro
2370 707 2563 762 Phocus
2592 706 2766 762 iactas
2796 708 3227 764 acclamationes
3282 709 3537 763 suaviter

1955 801 2255 855 admodum
2293 801 2485 856 irridet
2546 800 2920 870 Luitprandus
2992 801 3043 855 in
3101 800 3373 871 legatione
3436 814 3533 854 sua

1953 894 2523 963 CPolitana,loquens
2555 894 2621 946 de
2686 891 3041 962 processione
3068 890 3264 946 Phocis
3314 907 3382 945 ex
3439 879 3538 961 pa.-

1955 989 2085 1042 latio
2123 988 2189 1041 ad
2222 988 2477 1041 Sanctam
2530 985 2815 1055 Sephiam.
2868 984 3020 1039 Multi
3070 985 3317 1054 proiecto
3354 986 3405 1038 iu
3452 986 3538 1038 his

1955 1079 2444 1138 acclamationibus
2480 1077 2651 1142 ¹ιιξολλέι
2700 1075 2793 1145 ἐτη
2841 1059 3295 1143 apprecabantur,
3342 1073 3539 1141 quibus

1958 1172 2089 1226 nihil
2122 1171 2426 1240 jucundius
2472 1170 2725 1225 accidere
2771 1168 3036 1246 potuisset
3067 1182 3233 1235 quam
3270 1167 3315 1220 si
3362 1167 3535 1233 impe-

1955 1273 2105 1320 rator
2136 1264 2230 1318 illo
2266 1264 2387 1332 ipso
2418 1264 2507 1317 die
2535 1264 2669 1333 quin
2703 1272 2757 1317 et
2795 1264 2889 1318 illo
2917 1258 3227 1328 momento,
3252 1260 3539 1329 repentina

1956 1364 2133 1412 morte
2177 1356 2481 1411 exstinctus
2515 1354 2728 1411 luisset.

2026 1450 2388 1505 Acclamandi
2422 1465 2540 1505 mos
2573 1459 2725 1505 vetus
2749 1459 2854 1516 est,
2890 1449 3247 1517 manavitquo
3268 1462 3333 1503 ex
3384 1449 3537 1501 thea-

1956 1542 2056 1598 tris
2089 1543 2141 1597 in
2174 1542 2529 1607 lora,deinde
2546 1543 2712 1597 etiam
2742 1544 2792 1596 in
2820 1553 3104 1604 senatum;
3138 1542 3263 1594 hinc
3285 1539 3350 1593 ad
3379 1537 3540 1594 Cirri-

1958 1636 2263 1690 stianorum
2294 1633 2553 1704 synodos.
2576 1634 2896 1703 Exemplum
2931 1632 3095 1703 279
3125 1630 3541 1686 acc'amationis

1960 1726 2120 1782 facta
2154 1742 2183 1781 a
2203 1737 2392 1781 senatu
2430 1725 2499 1781 Μ.
2528 1727 2805 1780 Antonino
2834 1736 3231 1780 commemorat
3260 1722 3541 1778 Vulcatius

1962 1822 2016 1876 in
2046 1820 2239 1874 Avidio
2270 1819 2459 1874 Cassio
2488 1836 2502 1873 :
2536 1820 2796 1873 Antoniae
2827 1818 3039 1881 Pie,dii
3068 1828 3114 1871 te
3136 1826 3355 1871 servent.
3378 1816 3541 1868 Απου-

1965 1916 2086 1968 nine
2107 1912 2351 1976 clemens,
2375 1913 2451 1964 dii
2484 1920 2531 1964 te
2556 1921 2776 1965 seruent.
2802 1908 2879 1964 Tu
2904 1909 3125 1963 noluisti
3146 1909 3284 1976 quod
3305 1909 3493 1961 licebat
3524 1925 3539 1958 :

1964 2024 2065 2059 non
2110 2006 2328 2073 fecimus
2354 2005 2493 2073 quod
2525 2004 2761 2057 decebat.
2804 2001 3091 2056 Commodo
3124 1990 3399 2070 imperium
3450 2002 3541 2071 ju-

1963 2110 2105 2153 stum
2141 2113 2409 2168 rogamus,
2441 2099 2737 2168 progeniem
2781 2107 2924 2149 luant
2962 2097 3171 2151 robora.
3207 2093 3320 2147 Fac
3369 2095 3542 2147 securi

1961 2193 2065 2245 sint
2091 2192 2242 2245 liberi
2258 2193 2371 2255 tui;
2398 2194 2587 2246 bonum
2619 2192 2897 2260 imperium
2921 2190 3067 2243 nulla
3099 2192 3173 2244 uis
3201 2189 3365 2244 lardit.
3386 2188 3540 2243 Com-

1961 2284 2117 2338 modo
2156 2285 2419 2338 Antonino
2482 2284 2825 2338 tribuniciam
2881 2295 3195 2350 potestatem
3248 2299 3539 2354 rogamus;

1959 2378 2290 2443 prtrsentiam
2333 2388 2480 2428 luant
2535 2392 2802 2445 rogamus,
2829 2375 3169 2443 philosophia
3194 2384 3317 2436 tuae,
3341 2376 3539 2442 patiens

1961 2471 2048 2521 tite
2071 2479 2194 2528 luat,
2215 2468 2469 2520 doctrina:
2495 2476 2618 2531 tute,
2646 2466 2913 2519 nobilitati
2936 2475 3059 2522 tutu.
3077 2466 3389 2519 innocentia
3408 2476 3537 2518 tua'.

1971 2558 2146 2611 Vincis
2176 2558 2438 2622 inimicos,
2476 2556 2647 2608 hostes
2700 2569 2983 2623 exsuperas
3020 2571 3037 2607 :
3080 2556 3156 2608 dii
3202 2563 3248 2608 te
3302 2563 3535 2608 tuentur.

2027 2649 2749 2721 Synodieaeacclamationis
2801 2663 2867 2702 en
2937 2648 3035 2703 tibi
3098 2648 3409 2716 exemplum
3471 2662 3537 2702 ex

1957 2742 2292 2796 tecumenica
2341 2744 2549 2809 synodo
2594 2740 3077 2809 Chalcedonensi,
3108 2744 3229 2795 Act.
3287 2755 3383 2807 vn,
3440 2740 3535 2797 ubi

1959 2835 2235 2890 Marciano
2270 2836 2587 2904 imperatori
2615 2845 2669 2887 et
2696 2832 2998 2888 Pulcheria:
3057 2834 3393 2903 imperati-isi
3451 2847 3537 2890 ac-

1956 2928 2197 2980 clamant
2236 2924 2463 2981 Patres:
2498 2922 2777 2978 Marciano
2811 2940 2941 2978 nouo
2978 2925 3351 2986 Constantino,
3409 2938 3537 2983 noua

1956 3015 2147 3083 Paulo,
2175 3034 2303 3072 novo
2340 3017 2508 3072 Dauid
2529 3020 2716 3071 multos
2747 3035 2933 3072 annos.
2967 3016 3067 3071 Vos
3090 3019 3211 3071 estis
3244 3032 3350 3087 pax
3375 3018 3538 3080 orbis,

1958 3113 2042 3180 pie
2069 3112 2298 3164 domine.
2337 3111 2593 3165 Dominus
2630 3114 2791 3166 vitam
2819 3114 2868 3165 ei
2924 3122 3211 3165 conseri-et.
3244 3111 3343 3164 Vos
3408 3110 3537 3175 ﬁdes

288 3193 343 3246 in
377 3209 584 3263 molem
615 3197 849 3267 lampadi
883 3200 1055 3258 fuisse
1087 3205 1371 3274 imposita,
1397 3210 1481 3264 vel
1516 3214 1855 3282 certe,quod
1887 3197 1928 3254 C
1962 3215 2165 3256 nostra.
2202 3201 2441 3258 Christus
2473 3245 2486 3268 ,
2523 3221 2675 3269 quem
2710 3205 2960 3268 honoras,
2994 3207 3103 3273 ipse
3138 3214 3185 3257 te
3250 3204 3535 3256 custodiet.

286 3284 676 3354 Θριγγώματος
710 3307 909 3347 nomen
972 3297 1157 3364 potius
1185 3300 1399 3364 suadet,
1466 3303 1567 3370 ipsi
1616 3304 1856 3373 lampadi

286 3377 657 3432 cancellorum
707 3394 802 3435 seu
854 3385 1140 3451 sepimenti
1211 3388 1379 3442 instar
1439 3392 1855 3460 circumposita.

288 3469 454 3523 Addit
487 3470 775 3525 Balsamon
803 3473 905 3529 hoc
941 3476 1080 3530 idem
1117 3479 1411 3548 προνόμιον
1470 3495 1566 3534 seu
1637 3484 1861 3552 privile-

289 3564 437 3630 pium
476 3566 790 3632 procedenti
826 3582 949 3621 cum
1002 3570 1253 3640 lampade
1307 3587 1630 3630 concessum
1693 3576 1859 3632 fuisse

288 3656 704 3726 archiepiscOpo
740 3658 1008 3728 Bulgaria:
1033 3672 1086 3715 et
1117 3663 1284 3733 Cypri
1320 3673 1373 3719 et
1401 3668 1595 3735 paucis
1627 3670 1858 3740 quibus-

288 3748 414 3800 dam
438 3749 902 3817 metr0politanis,
928 3760 978 3805 et
1006 3762 1203 3821 praeter
1228 3755 1327 3810 hos
1355 3757 1522 3822 nulli;
1552 3767 1603 3811 et
1626 3761 1860 3827 patriar-

288 3838 421 3891 chas
440 3852 547 3891 non
572 3840 732 3893 modo
762 3841 815 3894 in
836 3855 933 3895 sua
956 3843 1198 3907 dioecesi,
1231 3846 1325 3901 sed
1348 3856 1402 3900 et
1434 3857 1588 3903 extra
1612 3849 1860 3919 lampade

287 3928 540 3984 illustres
571 3934 823 4001 progredi
857 3950 1016 4001 posse
1046 3939 1221 4005 ;quod
1251 3940 1570 4010 multisipse
1592 3943 1857 3997 adversus

288 4016 1271 4095 oblocutoresquosdamconlirmat,
1343 4046 1502 4099 quem
1558 4035 1701 4104 legat
1762 4038 1855 4105 qui

290 4112 435 4166 volet
458 4114 492 4166 I.
528 4114 557 4166 7
582 4112 727 4169 luris
750 4114 863 4168 GR.
927 4116 1135 4174 Gas'rs.

366 4203 429 4258 P.
460 4205 550 4259 46.
585 4204 925 4278 [Τροπάριον
953 4211 1195 4266 modulus
1226 4222 1332 4279 est,
1359 4216 1560 4271 cantici
1594 4218 1854 4272 nimirum

291 4311 486 4369 genus,
511 4303 576 4356 ad
605 4304 831 4357 alterius
898 4307 1236 4375 exemplaris
1296 4308 1458 4364 modo
1493 4325 1549 4364 se
1599 4312 1855 4366 habentis

291 4408 540 4446 normam
568 4394 925 4465 τρεπόμενον,
980 4395 1399 4454 decantandum.
1468 4400 1590 4457 Hmc
1651 4420 1855 4473 τροπα-

292 4488 410 4555 piat)
444 4487 787 4541 communior
816 4489 1108 4556 expositio.
1141 4490 1293 4546 Alias
1321 4490 1498 4548 fusius
1530 4494 1582 4547 in
1645 4494 1856 4551 Eucha-

1964 3294 2331 3349 Orthodoxam
2356 3296 2513 3363 fidem
2539 3307 2594 3348 tu
2628 3296 2910 3350 roborasti.
2949 3294 3097 3350 Sicut
3123 3294 3424 3364 apostolici.
3462 3295 3538 3347 ita

1961 3390 2193 3442 creditis.
2238 3390 2486 3458 Augusta
2515 3389 2704 3441 multos
2732 3405 2921 3443 annos.
2959 3388 3057 3441 Vos
3105 3388 3309 3441 lumina
3360 3393 3537 3440 ortho-

1959 3480 2111 3535 doxte
2149 3482 2293 3549 ﬁdei.
2328 3480 2548 3550 Propter
2579 3483 2688 3534 lucc
2741 3481 2932 3550 ubique
2986 3496 3091 3548 pax
3146 3491 3242 3535 est.
3313 3479 3538 3534 Lumina

1958 3574 2125 3640 pacis,
2158 3573 2387 3638 domine,
2406 3583 2460 3625 tu
2479 3575 2702 3628 custodi.
2727 3572 3039 3626 Luminaria
3068 3573 3273 3634 mundi.
3303 3573 3537 3635 domine,

1963 3676 2017 3717 tu
2045 3667 2272 3718 custodi.
2320 3669 2585 3731 Perpetua
2644 3668 2901 3719 memoria
2963 3683 3092 3719 novo
3157 3666 3534 3719 Constantino.

1962 3757 2091 3822 Quae
2125 3774 2188 3811 ea:
2234 3774 2417 3826 genere
2447 3758 2755 3822 orthodoxa.
2774 3768 2873 3820 est,
2912 3758 3049 3811 Deus
3093 3774 3207 3812 eam
3240 3759 3529 3812 custodiat.

1961 3851 2237 3908 Custodem
2258 3852 2380 3919 ﬁdei
2408 3850 2544 3904 Deus
2576 3852 2862 3905 custodiat.
2898 3850 3034 3904 Eant
3060 3866 3179 3919 qua:
3211 3865 3419 3917 semper
3444 3850 3533 3915 pia

1958 3954 2030 3997 est
2054 3944 2186 3997 Deus
2218 3945 2497 3997 custodiat.
2518 3943 2633 4008 Pia,
2669 3944 2981 4005 orthodoxa,
3015 3960 3131 4012 qua:
3156 3946 3427 3996 contraria
3458 3952 3535 3995 est

1959 4035 2405 4099 hwreticis,Deus
2427 4052 2541 4089 eam
2591 4037 2871 4091 custodiat.
2926 4034 3121 4088 Omnes
3188 4036 3535 4088 Ittereticostu

1959 4128 2177 4197 fugasti.
2207 4127 2507 4180 Nestorium
2527 4138 2575 4179 et
2609 4127 2877 4195 Eutychen
2911 4135 2967 4179 tu
2999 4137 3267 4195 persecuta
3289 4143 3364 4179 es.
3387 4127 3534 4178 Absit

1960 4219 2154 4271 invidia
2173 4235 2203 4270 a
2228 4228 2393 4271 uestro
2434 4219 2670 4283 imperio.
2696 4218 2901 4271 Fideles
2919 4219 3260 4286 imperatores
3283 4218 3357 4271 sic
3374 4218 3534 4269 hono—

1960 4319 2167 4361 rantur.
2206 4310 2339 4362 Deus
2370 4310 2634 4364 custodiat
2660 4318 2974 4375 potestatent
2994 4320 3239 4373 vestram,
3265 4310 3399 4363 Deus
3443 4325 3537 4378 pa-

1959 4398 2119 4464 ciﬁcet
2145 4398 2161 4448 i
2184 4416 2195 4445 t
2219 4398 2702 4463 perium-vestrum.
2733 4398 3041 4453 Marcianus
3085 4416 3247 4453 novus
3273 4398 3535 4453 Constan-

1962 4491 2123 4548 tinus.
2150 4488 2424 4542 Pulcheria
2442 4506 2572 4543 nova
2598 4490 2797 4543 Helena
2822 4507 2838 4545 :
2861 4491 3030 4545 selum
3058 4491 3267 4544 Helente
3298 4500 3351 4543 tu
3366 4502 3535 4543 secto-

292 4579 487 4646 lngicis
526 4578 836 4633 retulimus.
873 4579 1117 4650 Ποιητάς
1170 4598 1332 4651 porro
1383 4585 1491 4638 τῶν
1540 4588 1866 4657 τροπαρίωνι
1892 4578 1928 4590 ν
1966 4598 1971 4629 ῖ

1851 4607 1866 4633 ι
1892 4578 1928 4590 ν
1966 4582 2059 4631 ris.
2100 4580 2280 4632 Vestra
2298 4582 2405 4632 vita
2434 4581 2700 4635 munimen
2720 4592 3025 4635 cunctorum
3059 4591 3135 4634 est
3166 4592 3374 4635 :t'estra
3404 4580 3530 4649 ﬁdes

292 4671 609 4726 Anthiinum
639 4668 1009 4725 etTimoclem
1072 4685 1339 4728 memorat
1398 4675 1754 4746 TheOphanes
1807 4688 1859 4731 et

292 4763 571 4818 Cedrenus
598 4762 650 4815 lu
677 4761 856 4817 Leone
887 4763 928 4817 Ι.

364 4852 506 4905 Ibid.
546 4850 737 4925 [δόξα.
793 4852 992 4923 Supple
1035 4856 1240 4924 reliqua
1276 4858 1452 4928 Πατρὶ
1484 4859 1577 4911 καὶ
1617 4858 1729 4929 Υίῷ
1766 4863 1857 4914 καὶ

292 4946 436 5013 ἁγίῳ
475 4944 772 5013 Πνεῦματι.
806 4945 934 5000 Post
969 4950 1061 5000 καὶ
1095 4948 1189 5000 νῦν
1226 4951 1316 5003 καὶ
1353 4951 1439 5004 ἀεί
1468 4952 1604 5006 adde
1640 4953 1736 5005 καὶ
1777 4956 1857 5016 sl;

293 5037 421 5097 τοὺς
457 5035 655 5095 αἰῶνας
685 5037 791 5087 τῶν
820 5038 1052 5092 αἰώνων.
1094 5040 1289 5109 Ἀμήν.

367 5126 509 5180 Ibid.
544 5124 645 5199 [Οὐ
690 5127 1011 5194 debuerat.
1067 5129 1355 5187 Modulatls
1396 5134 1653 5204 varieque
1700 5134 1856 5191 ﬂexis

293 5225 489 5271 cantus
512 5218 663 5271 sonis
687 5232 796 5271 non
847 5218 1161 5274 decurritur
1221 5223 1523 5292 μελῳδῶςε
1565 5225 1657 5278 sed
1724 5242 1857 5280 voce

294 5309 577 5372 continua,
606 5308 775 5377 χύμα,
813 5312 1108 5381 utscripsit
1134 5314 1468 5379 Philotheus,
1490 5317 1858 5384 ἀναγινώσκε-

300 5419 401 5455 tat.
444 5400 596 5455 σωκ
622 5400 642 5471 ]

364 5491 509 5547 Ibid.
538 5493 653 5548 Mos
685 5494 784 5549 iste
815 5496 1099 5550 accinendi
1147 5498 1571 5565 imperatoribus
1594 5500 1655 5550 τὸ
1694 5499 1859 5551 πολυ-

298 5588 510 5657 χρόνιον
535 5595 589 5640 et
611 5588 947 5641 acclamandi
979 5591 1058 5651 el;
1086 5589 1256 5641 πολλὰ
1291 5589 1389 5653 ἐτη
1444 5588 1648 5644 Graecis
1705 5595 1857 5645 valde

298 5678 558 5747 frequens
592 5677 715 5743 fuit,
743 5689 802 5732 ut
826 5680 1022 5748 saepius
1050 5681 1279 5748 posthac
1309 5696 1372 5733 ex
1388 5679 1601 5734 Codino
1655 5681 1857 5734 intelli-

298 5786 508 5841 gemus,
545 5787 705 5840 quem
735 5773 1012 5840 eleganter
1061 5773 1323 5827 describit
1377 5773 1667 5842 Corippus,
1724 5774 1853 5827 dum

295 5863 572 5933 quomodo
587 5861 797 5919 Justino
814 5863 1024 5919 Juniori
1042 5865 1099 5917 τὸ
1120 5864 1469 5947 πολυχρόνιον
1489 5866 1849 5921 acclamatum

1963 4671 2297 4722 ecclesiarum
2321 4670 2489 4740 gloria
2511 4682 2607 4725 est.

2040 4761 2319 4817 Similibus
2350 4763 2783 4831 epiphonematis
2819 4773 3073 4834 personat
3110 4765 3219 4820 tota
3284 4772 3529 4839 synodus

1960 4852 2241 4922 Cpolitana
2278 4855 2378 4908 sub
2414 4855 2565 4909 Mena
2604 4857 2912 4924 patriarcha
2946 4866 2997 4909 et
3061 4855 3376 4912 Justiniano
3430 4863 3531 4913 im-

1963 4955 2235 5015 peratore.
2270 4945 2411 5011 Quin
2441 4947 2573 5000 etin
2606 4947 2966 5003 clectionibus
2996 4965 3128 5003 usus
3159 4960 3277 5005 erat
3306 4953 3529 5021 ἐπιϐοη-

1965 5034 2170 5103 μάτων.
2234 5035 2291 5088 In
2316 5036 2469 5090 Actis
2523 5037 2885 5092 ordinationis
2934 5038 3142 5105 Eradii,
3206 5056 3327 5095 cum
3373 5043 3525 5099 illum

1962 5126 2021 5181 S.
2053 5127 2390 5196 Augustinus
2427 5130 2536 5196 jam
2567 5144 2730 5184 senex
2760 5132 2902 5199 apud
2957 5134 3162 5186 clerum
3188 5143 3239 5186 et
3270 5136 3526 5203 populum

1961 5233 2333 5273 successorem
2368 5220 2468 5274 sibi
2500 5220 2655 5294 dixit,
2692 5231 2821 5290 post
2877 5224 2980 5276 ista
3023 5223 3315 5293 Augustini
3341 5229 3525 5290 verba,

1963 5312 2331 5379 Presbyterum
2380 5311 2640 5364 Eradium
2675 5314 2805 5365 mihi
2858 5331 3207 5369 successorem
3252 5317 3394 5381 cola,
3442 5335 3524 5380 se-

1961 5413 2199 5472 quuntur
2225 5403 2324 5457 ista
2348 5423 2359 5457 :
2386 5404 2421 5455 Λ
2448 5404 2637 5470 populo
2670 5405 3019 5459 acclamatum
3046 5420 3143 5473 est,
3168 5409 3271 5462 Deo
3296 5413 3523 5479 gratias,

1960 5494 2166 5550 Christo
2221 5496 2446 5559 laudes,“
2513 5498 2713 5550 dictum
2778 5510 2864 5552 est
2936 5501 3100 5555 vicies
3152 5510 3256 5555 trr.
3316 5504 3525 5557 [fraudi

1961 5589 2182 5651 Christe,
2213 5588 2499 5657 Augustino
2546 5590 2919 5650 vita;dictum
2945 5601 3025 5646 est
3078 5562 3252 5649 slesies
3298 5596 3477 5651 decies
3508 5621 3521 5653 :

1964 5679 2031 5734 Te
2054 5691 2277 5748 patrem,
2310 5688 2355 5733 te
2375 5682 2693 5749 episc0pum;
2720 5682 2921 5737 dictn-u
2956 5692 3039 5739 cst
3108 5686 3298 5739 octies.
3364 5685 3525 5741 Cum-

1959 5790 2054 5839 que
2078 5776 2393 5835 reticeretur,
2429 5776 2749 5843 Augustinus
2772 5779 3041 5845 episcopus
3064 5778 3220 5841 dixit,
3247 5775 3366 5831 Non
3392 5795 3520 5846 opus

1959 5873 2054 5930 cst,
2089 5874 2185 5918 etc.
2225 5863 2339 5920 Mox
2377 5885 2385 5920 :
2452 5866 2493 5920 Α
2524 5870 2742 5922 notariis
2795 5868 3043 5933 ecclesiis,
3109 5872 3241 5924 sicut
3281 5870 3516 5935 cernitis,
