4252 6444
732 407 831 471 3η

1790 412 1864 470 ΙΝ
1922 414 2215 479 LIBRUM
2281 416 2373 474 DE
2425 412 2752 473 OFFiCllS
2794 414 2903 471 (ΖΡ.

3857 408 3961 476 3i?

729 517 1060 583 excipiuntur
1086 532 1198 585 qua:
1221 515 1464 577 dicimus,
1496 518 1825 584 excipiuntur
1856 537 1971 586 qum
2005 522 2211 584 dicitis;
2243 535 2288 572 et
2321 541 2359 593 Α
2393 523 2669 588 parricida
2704 531 2895 573 statua:
2928 520 3293 574 detrahantur.
3329 520 3557 573 Necator
3578 520 3770 571 ciuium
3839 529 3957 571 tra-

731 624 875 660 meus
903 624 1071 663 sermo
1101 618 1145 660 et
1175 618 1359 661 vestra:
1402 610 1804 661 acclamationes
1834 612 1885 661 in
1937 623 2129 661 terram
2190 631 2289 663 non

729 703 943 755 cadunt.
976 701 1216 769 Apertius
1262 711 1317 753 ut
1348 702 1542 765 dicam,
1574 703 1927 753 ecclesiastica
1961 719 2095 754 nunc
2150 716 2291 771 gesta

730 792 1061 859 conficimus.
1092 792 1181 845 Sic
1210 794 1349 849 enim
1380 794 1473 845 hoc
1494 809 1602 845 esse
1634 802 1888 860 quantum
1928 795 1994 845 ad
2057 794 2289 845 homines

730 882 1100 948 conﬁrmatum
1128 884 1259 936 volo.
1303 882 1503 949 Populo
1537 885 1891 936 acclamatum
1932 896 2011 938 est
2048 886 2291 954 trigesics

731 975 930 1039 sexies,
961 976 1065 1029 Deo
1090 978 1311 1045 gratias,
1340 974 1545 1029 Christo
1576 976 1777 1033 laudes.
1812 976 2024 1029 Exaudi
2045 978 2249 1030 Christe
2274 979 2293 1027 .'

730 1069 1024 1136 Augustino
1054 1070 1193 1133 vita;
1220 1067 1423 1123 dictum
1454 1070 1832 1124 esttrctlecies.
1868 1069 1930 1121 Et
1962 1072 2062 1125 sub
2094 1071 2285 1123 linem:

732 1158 835 1213 Hic
863 1163 989 1213 mihi
1013 1162 1341 1229 responsione
1372 1172 1541 1215 vestra
1558 1177 1683 1229 opus
1704 1170 1800 1214 est.
1838 1160 2057 1214 Teneam
2080 1177 2287 1231 respon-

731 1253 927 1305 sionem
957 1262 1202 1307 vestram.
1229 1252 1301 1305 De
1325 1254 1423 1306 hac
1444 1254 1733 1307 assertione
1754 1250 1955 1322 aliquid
1975 1254 2285 1307 acclamate.

731 1347 771 1399 Α
805 1346 997 1412 populo
1061 1348 1431 1409 acclamatum,
1486 1344 1635 1407 Fiat,
1678 1346 1818 1413 ﬁat:
1876 1348 2080 1400 dictum
2124 1346 2290 1401 vicies

733 1436 1045 1505 quinquies.
1084 1437 1303 1505 Dignum
1332 1450 1429 1497 est,
1480 1438 1685 1506 justum
1737 1448 1835 1502 est,
1887 1438 2091 1492 dictum
2125 1439 2291 1492 vicies

734 1529 925 1582 octies.
962 1527 1107 1591 Fiat,
1140 1531 1231 1597 ﬁat
1266 1529 1507 1584 :dictum
1560 1539 1752 1596 quater
1802 1530 2000 1584 decies.
2033 1530 2170 1583 Olim
2207 1531 2290 1581 di-

734 1636 888 1688 gnus,
959 1621 1085 1678 olim
1138 1622 1399 1673 meritus:
1456 1621 1662 1674 dictum
1730 1620 1893 1675 vicies
1977 1620 2288 1689 quinquies.

732 1711 948 1777 Juzlicio
972 1724 1060 1764 tuo
1095 1714 1296 1780 gratias
1328 1714 1555 1781 agimus,
1597 1714 1804 1767 dictum
1854 1713 2141 1767 tredecies.
2179 1713 2283 1765 Ex-

735 1802 887 1866 audi,
924 1800 1154 1865 Christe,
1214 1803 1471 1857 Eradium
1506 1819 1803 1857 conserva:
1848 1804 2053 1857 dictum
2120 1805 2290 1857 octies

2396 613 2571 669 luitur,
2604 613 2874 678 parricida
2912 614 3106 665 civium
3144 614 3406 665 trahatur.
3460 610 3790 664 Gladiatoris
3846 622 3957 663 sta-

2396 719 2497 756 tum
2526 707 2893 760 detrahantur.
2940 707 3011 760 Te
3053 706 3196 760 salso
3235 707 3372 759 salui
3429 714 3479 758 et
3535 706 3707 757 securi
3750 720 3960 765 sumus,

2394 817 2521 860 rere,
2541 816 2684 861 vere;
2709 800 2859 851 modo
2890 800 3065 869 digne,
3097 800 3247 851 modo
3271 815 3403 862 vere,
3429 798 3581 851 modo
3598 796 3776 849 libere.
3802 795 3958 848 Nunc

2393 907 2561 941 securi
2594 905 2794 941 sumus.
2844 888 3179 943 Delatoribus
3209 900 3423 943 metum.
3456 888 3519 943 Ut
3565 887 3737 940 securi
3762 886 3953 947 sinus,

2393 981 2715 1032 delatoribus
2736 990 2969 1045 metum;
3012 992 3067 1033 ut
3134 982 3267 1033 salvi
3333 982 3519 1042 simus,
3579 980 3847 1033 debatores
3896 978 3961 1028 de

2393 1080 2598 1123 senatu.
2645 1070 2976 1124 Delatoribus
3028 1071 3219 1138 fustem
3253 1080 3301 1123 te
3321 1069 3489 1123 salvo.
3553 1066 3833 1121 Delatores
3887 1065 3959 1117 ad

2395 1162 2590 1215 leonem
2619 1172 2667 1215 te
2701 1166 3011 1231 imperante.
3053 1163 3387 1215 ltelatoribus
3424 1162 3636 1228 fustem.
3666 1156 3963 1212 Parricida

2392 1254 2702 1323 gladiatoris
2728 1256 2975 1307 memoria
3016 1254 3317 1314 abolentur,
3344 1251 3628 1316 parricidae
3689 1250 3961 1319 gladiato-

2393 1348 2466 1398 ris
2490 1356 2686 1400 statutu
2717 1348 3087 1401 detrahantur.
3148 1346 3356 1413 lmpuri
3402 1344 3720 1412 gladiatoris
3768 1357 3963 1394 memo-

2394 1440 2474 1491 ria
2533 1439 2837 1501 abolentur;
2900 1439 3247 1506 gladiatorem
3308 1441 3362 1489 in
3412 1436 3686 1501 spoliario.
3724 1432 3958 1492 Exaudi.

2395 1530 2592 1584 Casar.
2647 1530 2903 1598 Carnifex
2958 1546 3091 1582 unco
3130 1529 3393 1582 trahatur.
3431 1526 3689 1594 Carnifex
3748 1533 3964 1578 senatus

2396 1638 2536 1675 more
2599 1622 2860 1689 majorum
2882 1638 3014 1674 unco
3082 1621 3347 1673 trahatur.
3380 1619 3582 1673 Stcuior
3630 1607 3961 1677 Domitiano,

2394 1712 2653 1776 impurioi'
2682 1713 2910 1774 Nerone,
2942 1714 3017 1766 sic
3075 1713 3216 1781 fecit,
3261 1713 3334 1764 sic
3390 1713 3653 1778 patiatur.
3697 1710 3965 1763 Memoria.-

2393 1804 2741 1856 innocentium
2754 1815 3041 1868 serventur,
3066 1806 3283 1859 honores
3305 1804 3662 1857 innocentium
3689 1802 3960 1855 restituas.

732 1892 935 1945 decies.
967 1889 1129 1946 Vides
1201 1893 1286 1946 hic
1340 1893 1505 1962 280
1551 1895 1795 1947 eamdem
1843 1894 2288 1951 acclamationem
2324 1876 2364 1932 Β
2392 1894 2677 1965 Rogamus,
2704 1896 2984 1964 parricida:
3007 1896 3228 1948 cadaver
3250 1912 3386 1950 unco
3414 1900 3682 1958 trahatur,
3702 1893 3969 1962 gladiolo.

734 1988 981 2038 iteratam
1016 1986 1203 2052 fuisse,
1242 2001 1348 2040 non
1374 1996 1580 2040 tantum
1603 1988 1791 2053 semel,
1827 1988 1924 2043 sed
1970 2000 2026 2041 et
2069 1990 2293 2056 saepius,

735 2088 846 2127 uno
882 2089 1202 2141 saepissuue.

808 2165 881 2216 En
924 2164 1052 2232 quid
1106 2175 1327 2219 senatus
1374 2167 1427 2218 in
1461 2164 1772 2231 Claudium,
1829 2183 1951 2221 cum
1998 2168 2296 2236 imperator

736 2256 1078 2309 renuntiatus
1100 2271 1263 2319 esset,
1285 2259 1425 2325 apud
1459 2259 1783 2314 Trebellium
1812 2277 1825 2313 :
1855 2264 2085 2330 Auguste
2132 2259 2296 2314 Clau-

734 2350 811 2407 di,
842 2350 917 2401 dii
958 2358 1004 2402 te
1031 2351 1172 2401 nobis
1206 2360 1452 2416 prtestent
1483 2368 1501 2404 :
1530 2353 1729 2406 dictum
1779 2354 2045 2421 sexagies.
2104 2351 2296 2406 Claudi

738 2448 991 2513 Anguste,
1014 2446 1297 2512 principem
1329 2456 1395 2509 te,
1428 2457 1514 2496 aut
1538 2446 1709 2513 (litatis
1737 2456 1789 2497 tu
1820 2462 1894 2510 es,
1930 2461 2129 2510 semper
2144 2455 2297 2512 opta-

739 2539 905 2589 simus
934 2552 950 2588 :
984 2537 1189 2589 dictum
1220 2537 1563 2606 quadragies.
1597 2537 1788 2590 Claudi
1827 2537 2082 2607 Auguste,
2112 2548 2157 2590 te
2186 2555 2287 2591 res-

739 2628 952 2695 publica
1018 2628 1355 2694 requirebat:
1420 2628 1623 2681 dictutn
1692 2629 2032 2698 quadragies.
2106 2628 2299 2683 Claudi

739 2723 990 2787 Auguste,
1025 2728 1075 2770 tu
1108 2718 1295 2785 frater,
1328 2728 1381 2770 tu
1434 2728 1605 2785 pater,
1658 2728 1713 2771 tu
1768 2721 1989 2783 amicus,
2024 2731 2078 2772 tu
2137 2721 2301 2773 bonus

738 2822 967 2876 senator,
1000 2823 1055 2865 tu
1082 2829 1192 2865 vere
1218 2814 1454 2879 princeps
1484 2830 1500 2865 :
1533 2813 1738 2866 dictum
1781 2814 2043 2867 octavies.
2112 2811 2302 2867 Claudi

740 2902 991 2968 Auguste,
1023 2912 1077 2953 tu
1116 2918 1207 2954 nos
1230 2902 1294 2953 ab
1319 2902 1542 2955 Aureolo
1599 2902 1803 2956 vindica
1841 2919 1859 2956 :
1900 2904 2105 2957 dictum
2146 2905 2305 2972 quin-

740 2991 917 3057 quies.
944 2991 1132 3044 Claudi
1152 2992 1403 3061 Auguste,
1437 3003 1492 3045 tu
1523 3009 1614 3046 nos
1641 3010 1670 3044 η
1698 2994 2027 3062 Palmyrenis
2060 2995 2299 3047 vindica:

741 3081 943 3135 dictum
976 3082 1285 3150 quinquies.
1318 3082 1511 3136 Claudi
1544 3085 1797 3153 Auguste,
1853 3097 1908 3137 tu
1952 3101 2044 3138 nos
2074 3102 2105 3137 a
2138 3084 2302 3137 Zeno-

2399 1989 2471 2041 ris
2499 1989 2720 2040 cadaver
2746 1990 2799 2039 in
2817 1987 3067 2053 spoliario
3084 1998 3333 2054 ponatur.
3392 1986 3647 2056 Perroga,
3679 1986 3912 2054 Perroga
3948 2001 3967 2037 :

2398 2095 2571 2133 omnes
2587 2079 2743 2147 281
2763 2095 3025 2131 censemus
3061 2095 3190 2130 unco
3211 2079 3539 2133 trahendum.
3561 2077 3663 2141 Qui
3680 2094 3853 2131 omnes
3877 2094 3965 2129 occ

2398 2172 2543 2230 cidit,
2561 2186 2691 2223 unco
2713 2172 2972 2223 trahatur.
2995 2171 3314 2233 Quiomnem
3332 2182 3539 2224 (etatem
3584 2172 3792 2234 occidit,
3832 2184 3969 2222 unco

2401 2262 2665 2315 trahatur.
2685 2262 2785 2325 Qui
2806 2273 3083 2331 utrumque
3096 2278 3276 2315 sexum
3318 2263 3526 2323 occidit,
3548 2279 3679 2315 unco
3698 2263 3967 2319 trahatur,

2400 2356 2502 2421 Qui
2519 2359 2874 2427 sanguinisuo
2892 2374 2993 2410 non
3016 2360 3260 2425 pepercit,
3282 2376 3413 2411 unco
3433 2360 3690 2410 trahatur.
3712 2358 3815 2420 Qui
3837 2366 3971 2408 tem-

2400 2447 2485 2514 pla
2527 2448 2791 2515 spoliavit,
2824 2464 2953 2500 unco
2986 2450 3246 2502 trahatur.
3278 2448 3380 2511 Qui
3415 2457 3725 2501 testamenta
3758 2446 3968 2505 delevit,

2400 2554 2533 2591 unco
2558 2541 2817 2592 trahatur.
2861 2539 2964 2603 Qui
3003 2543 3139 2595 vivos
3176 2542 3440 2603 spoliavit,
3495 2556 3628 2591 unco
3699 2540 3969 2590 trahatur.

2400 2627 2572 2683 Servis
2616 2632 2940 2685 seruiuimus.
2991 2634 3093 2697 Qui
3144 2636 3311 2700 pretia
3346 2635 3464 2685 vitae
3500 2632 3668 2699 exegit
3718 2642 3762 2682 et
3813 2630 3970 2695 ﬁdem

2403 2725 2782 2786 uon'servauit,
2826 2740 2961 2776 unco
2994 2727 3261 2779 trahatur.
3298 2723 3401 2787 Qui
3437 2735 3679 2775 senatum
3718 2722 3973 2779 vetulidit,

2404 2831 2535 2868 unco
2565 2817 2829 2869 trahatur.
2870 2815 2970 2878 Qui
3008 2817 3133 2882 ﬁliis
3162 2816 3378 2868 abstulit
3419 2816 3798 2875 hwreditatem,
3836 2829 3975 2865 unco

2406 2908 2664 2957 trahatur.
2698 2904 2904 2958 Indices
2934 2905 2997 2958 de
3015 2915 3221 2967 senatu,
3245 2906 3505 2958 delatores
3530 2906 3591 2956 de
3617 2914 3823 2962 senatu,
3861 2918 3971 2954 ser-

2403 3010 2584 3048 vorum
2633 2998 2997 3050 subornatores
3041 2998 3104 3049 de
3138 3008 3343 3051 senatu.
3399 2995 3465 3048 Et
3507 3006 3562 3046 tu
3602 2995 3865 3046 uobiscum
3901 2994 3968 3044 ti-

2405 3086 2605 3148 muisti,
2656 3092 2829 3142 omnia
2873 3092 3007 3152 scis,
3056 3090 3216 3141 bonos
3260 3099 3308 3141 et
3359 3088 3526 3139 malos
3578 3086 3736 3139 nosti.
3780 3084 3973 3136 Omnia

743 3175 827 3226 bia
851 3184 896 3226 et
919 3191 949 3226 a
986 3174 1213 3229 Victoria
1247 3178 1409 3229 libera
1443 3193 1460 3229 :
1492 3178 1693 3231 dictum
1729 3179 1947 3247 septies.
1974 3177 2171 3231 Claudi
2194 3179 2302 3231 Au-
2328 3215 2371 3277 Ω
2408 3178 2531 3240 scis,
2564 3179 2737 3230 omnia
2780 3180 3017 3233 emenda.
3047 3178 3155 3232 Pro
3185 3188 3231 3230 te
3264 3179 3557 3230 timuimus.
3600 3174 3643 3229 Θ
3672 3191 3761 3227 nos
3793 3173 3970 3241 felices

741 3277 907 3333 gnste,
941 3264 1169 3318 Tetricus
1212 3267 1340 3320 nihil
1366 3268 1467 3335 fuit
1500 3285 1518 3323 :
1559 3270 1761 3322 dictum
1795 3269 2021 3336 septies.

812 3356 925 3411 Nec
966 3358 1122 3413 bonis
1156 3368 1365 3413 tantum
1428 3360 1589 3421 bona,
1614 3360 1707 3415 sed
1749 3367 1801 3415 et
1863 3359 2000 3412 niala
2062 3359 2301 3413 malisin

744 3448 1063 3517 hnjttsmodi
1143 3452 1633 3506 acclamationibus
1705 3451 2142 3521 apprccabantur
2219 3452 2304 3506 vel

744 3542 902 3609 quasi
945 3543 1068 3610 jure
1139 3557 1241 3598 suo
1302 3542 1685 3614 emagitabant.
1741 3542 1961 3599 lllustre
2010 3543 2173 3614 huius
2226 3545 2302 3597 rei

743 3632 1052 3701 exemplum
1102 3634 1425 3703 suppeditat
1469 3633 1645 3711 Elius
1706 3634 2075 3704 Lampridius,
2162 3634 2303 3705 apud

745 3740 907 3793 quem
952 3724 1117 3779 babes
1191 3725 1612 3785 acclamationes
1667 3740 1891 3780 senatus
1952 3726 2005 3778 in
2060 3726 2302 3779 occisum

746 3816 1103 3872 Commodum
1159 3816 1585 3883 imperatorem:
1642 3815 1796 3870 Hosti
1848 3818 2037 3883 putria:
2086 3817 2304 3869 honores

743 3908 1112 3971 detrahantur,
1146 3908 1429 3975 parricide
1462 3908 1678 3960 honores
1710 3908 2075 3970 detrahantur,
2133 3908 2305 3973 parri-

745 4002 863 4052 ridtt
896 4004 1153 4053 trahatur.
1186 3999 1365 4052 Hostis
1393 4001 1600 4067 patrita,
1640 3998 1924 4064 parricida,
1960 3998 2224 4065 gladiator
2252 3998 2305 4049 in

744 4092 997 4157 spoliario
1033 4092 1278 4144 lanietur.
1301 4090 1486 4144 Hostis
1512 4091 1749 4152 deorum,
1791 4090 2032 4155 carnifex
2066 4098 2299 4153 senatus,

746 4184 903 4236 hostis
939 4183 1169 4247 deorum,
1195 4183 1458 4251 parricida
1486 4190 1716 4235 senatus.
1737 4182 1915 4234 Hostis
1956 4182 2188 4243 deorum,
2219 4181 2310 4231 ho-

745 4276 836 4326 stis
865 4284 1097 4327 senatus.
1132 4272 1492 4325 Cladiatorcm
1522 4273 1572 4324 in
1608 4270 1878 4339 spoliario.
1917 4271 2021 4333 Qui
2070 4278 2305 4321 senatum

746 4367 951 4431 occidit,
977 4368 1030 4417 iu
1059 4366 1306 4433 spoliario
1337 4372 1582 4432 ponatur.
1643 4361 1745 4425 Qui
1803 4372 2038 4414 senatum
2098 4360 2304 4423 occidit,

746 4475 881 4511 unco
911 4459 1175 4510 trahatur.
1205 4456 1307 4521 Qui
1335 4458 1627 4509 innocentes
1660 4454 1871 4515 occidit,
1902 4469 2033 4503 unco
2061 4452 2306 4519 trahatur

2407 3280 2454 3323 te
2484 3272 2594 3323 viro
2621 3272 2930 3339 imperante.
2966 3271 3039 3324 De
3065 3270 3331 3337 parricida
3357 3270 3516 3335 refer,
3539 3269 3693 3334 refer,
3712 3282 3932 3334 per-roga
3953 3280 3973 3317 :

2403 3364 2733 3430 prasentiam
2779 3372 2925 3413 tuam
2970 3378 3237 3429 rogamus.
3287 3360 3596 3414 Innocentes
3632 3358 3821 3419 κνιῌὶ
3867 3373 3973 3408 non

2404 3462 2562 3515 sunt;
2596 3453 2876 3521 parricida:
2908 3452 3130 3503 cadaver
3172 3452 3440 3503 trahatur.
3480 3448 3765 3502 Parricida
3800 3450 3974 3513 scpui-

2406 3552 2487 3596 tos
2511 3544 2667 3607 eruit,
2691 3542 2973 3609 parricida
2999 3541 3220 3594 cadarer
3250 3542 3516 3593 trahatur.

2477 3633 2682 3687 Similis
2712 3631 2882 3687 lerme
2900 3640 2981 3687 est
3012 3636 3098 3686 illa
3130 3633 3469 3699 ὲπιφώνησις
3503 3645 3622 3699 quas
3667 3630 3720 3683 in
3754 3626 3970 3697 synodo

2406 3729 2507 3783 sub
2546 3728 2695 3780 Mena
2729 3728 2942 3780 actione
2971 3724 3038 3778 IV
3069 3726 3286 3795 legitur.
3328 3723 3629 3776 Μαλιέαηαὶ
3682 3724 3969 3789 imperato:

2407 3821 2501 3881 ris,
2545 3819 2695 3871 ntulti
2722 3819 2846 3871 anni
2876 3818 3212 3885 patriarchas.
3250 3814 3464 3867 Petrum
3494 3815 3719 3867 Zoaram
3742 3825 3789 3867 et
3820 3814 3972 3866 Sere-

2406 3927 2522 3962 rum
2557 3910 2706 3961 modo
2733 3911 3143 3962 anathematiza.
3189 3908 3550 3961 Ortltodoxum
3605 3907 3971 3968 imperatorem

2406 3999 2559 4051 habes
2583 4015 2600 4052 :
2635 4000 2757 4067 quid
2773 4000 2923 4052 times
2948 3997 3069 4050 ?cos
3097 4000 3185 4066 qui
3207 3998 3609 4064 parobuptiaant
3643 3996 3769 4059 eiice
3798 3995 3965 4067 foras_

2409 4086 2615 4139 Etcum
2661 4089 2897 4140 monachi
2938 4088 3414 4156 Hierosolymorum
3454 4095 3793 4154 porrexerunt
3817 4084 3972 4137 char-

2410 4189 2537 4243 tam,
2568 4180 2793 4231 universi
2819 4179 3209 4231 clamauerunt:
3241 4176 3403 4230 Multi
3450 4178 3575 4229 anni
3632 4176 3969 4237 patriarchaz.

2408 4269 2665 4322 Libellum
2698 4269 3067 4321 monachorum
3098 4270 3249 4321 ntodo
3278 4268 3501 4335 suscipe.
3533 4266 3766 4319 Libellus
3819 4267 3974 4317 modo

2410 4360 2632 4428 legatur.
2672 4358 2770 4410 Eos
2796 4361 2884 4427 qui
2925 4375 3015 4426 per
3072 4359 3284 4410 domum
3345 4357 3615 4425 baptizant
3655 4356 3781 4422 ejice
3804 4356 3971 4422 foras.

2412 4450 2721 4517 Speluncam
2753 4450 2937 4504 Zoaraz
2974 4454 3123 4501 modo
3177 4460 3436 4516 torqueas.
3474 4446 3629 4499 Multi
3686 4447 3814 4497 anni
3866 4462 3977 4513 pa-

747 4551 932 4612 hostis,
960 4549 1243 4617 parricida,
1276 4565 1411 4609 vere,
1445 4563 1632 4600 severe.
1662 4546 1764 4611 Qui
1796 4546 2039 4613 sanguini
2076 4559 2168 4596 suo
2206 4559 2309 4595 non
2340 4558 2387 4617 υ
2415 4541 2680 4593 triarchte.
2718 4540 3142 4607 Parabaptistam
3172 4543 3324 4592 modo
3345 4539 3755 4591 anathematiza.
3815 4534 3974 4588 Chri-

745 4645 986 4711 pepcrcit,
1046 4659 1174 4693 unco
1203 4643 1461 4693 trahatur.
1500 4641 1601 4704 Qui
1637 4650 1681 4691 te
1717 4640 1976 4691 occisurus
2012 4638 2129 4704 fuit,
2178 4652 2306 4685 unco

748 4736 1010 4787 trahatur.
1045 4732 1331 4785 Nobiscum
1386 4732 1627 4792 timuisti,
1661 4730 1928 4780 nobiscum
1986 4726 2306 4792 periclitatus

744 4848 813 4880 es.
849 4828 907 4883 Ut
932 4826 1061 4878 salvi
1101 4826 1283 4882 simus.
1339 4822 1567 4898 Jupiter,
1610 4821 1799 4889 optime
1857 4820 2102 4879 maxime,
2158 4834 2303 4870 serra

748 4922 890 4973 nobis
913 4920 1253 4972 Pertinacem.
1281 4918 1424 4970 Fidei
1443 4916 1879 4982 prtetorianorum
1901 4912 2115 4978 feliciter
2138 4952 2150 4969 ,
2176 4927 2295 4976 pric-

751 5015 896 5066 toriis
919 5014 1214 5065 cohortibus
1239 5010 1478 5077 feliciter,
1502 5008 1809 5061 exercitibus
1838 5004 2089 5055 Romanis
2139 5003 2305 5071 felict-

748 5119 844 5167 ter,
862 5105 1046 5167 pietati
1072 5112 1282 5154 senatus
1331 5102 1570 5170 feliciter.
1597 5097 1871 5151 Parricida
1909 5097 2173 5149 trahatur.
2202 5095 2303 5147 Βο-

744 5210 949 5262 gamus,
1018 5195 1267 5263 Auguste,
1332 5191 1601 5259 parricida
1656 5190 1917 5242 trahatur.
1965 5186 2085 5240 Hoc
2152 5204 2305 5255 roga-

747 5302 881 5348 mus,
941 5284 1207 5347 parricida
1282 5282 1553 5343 trahutur;
1613 5279 1825 5341 exaudi,
1895 5277 2092 5331 Cazsar.
2150 5277 2305 5329 Dela-

744 5393 879 5430 tores
916 5379 985 5433 ad
1044 5376 1283 5437 leonem;
1360 5374 1569 5431 exaudi.
1634 5373 1832 5425 Cwsar.
1919 5370 2187 5423 Delatores
2237 5370 2303 5419 ad

744 5472 975 5528 leonem;
1000 5466 1212 5523 exaudi.
1242 5464 1441 5518 Ca’sar.
1476 5464 1752 5529 Speratnnt
1783 5460 1848 5511 ad
1879 5460 2097 5512 leonem.
2137 5459 2303 5511 Victo-

747 5559 839 5609 ria:
870 5556 1045 5623 populi
1076 5555 1299 5607 Romani
1343 5553 1596 5619 feliciter;
1635 5552 1751 5618 ﬁdei
1795 5552 2021 5602 militum
2054 5550 2299 5616 feliciter;

744 5649 868 5716 fidei
902 5650 1341 5713 pra-torianorum
1394 5646 1647 5711 feliciter;
1696 5644 1995 5695 cohortibus
2044 5644 2301 5708 prwtoriis

743 5740 980 5810 feliciter.
1011 5736 1192 5793 Hostis
1220 5750 1423 5793 statuas
1466 5738 1707 5805 undique,
1768 5736 2043 5805 parricida:
2096 5745 2298 5786 statuas

742 5831 986 5901 undique,
1021 5831 1333 5903 gladiatoris
1369 5842 1566 5885 statuas
1605 5832 1862 5896 undique;
1920 5827 2226 5895 gladiatoris
2257 5837 2299 5877 ct

2413 4633 2575 4706 stiani
2612 4633 2943 4699 imperatoris
2973 4633 3123 4685 multi
3145 4633 3291 4683 anni.
3321 4629 3608 4683 Ortlwdoxi
3640 4629 3974 4695 imperatoris

2412 4725 2563 4777 multi
2616 4726 2760 4777 anni.
2832 4724 3101 4791 Spelunca:
3156 4724 3515 4775 htereticorum
3575 4722 3729 4772 modo
3762 4719 3971 4771 ardent.

2420 4816 2588 4869 Vincit
2634 4818 2760 4883 fides
2802 4817 3153 4884 imperatoris.
3198 4814 3524 4868 Orthodoa‘us
3571 4820 3788 4880 regnat:
3846 4812 3974 4877 quid

2409 4910 2603 4962 times?
2632 4908 2817 4962 Petrus
2844 4925 3003 4976 quare
3036 4908 3186 4961 habet
3212 4906 3529 4959 monasteria
3558 4906 3582 4957 Ρ
3619 4903 3805 4957 Omnes
3860 4905 3972 4955 luc-

2409 5004 2594 5054 reticos
2630 5000 2700 5052 ibi
2742 5000 2913 5053 habet.
2943 4998 3214 5062 Severum,
3235 4996 3450 5051 Petrum
3482 5006 3528 5047 et
3558 4994 3783 5047 Zoaram
3816 4997 3972 5047 modo

2408 5094 2817 5146 anathematisa.
2863 5091 3092 5144 Trinitas
3121 5102 3220 5144 tres
3278 5087 3968 5142 anathematizat.Anothe-

2410 5203 2493 5238 nta
2527 5186 2741 5239 Severus
2775 5184 2958 5237 Petrus
2988 5194 3035 5237 et
3069 5181 3289 5237 Zoaras.
3337 5182 3579 5236 Severum
3625 5179 3969 5233 Manicha’um

2409 5278 2557 5327 modo
2580 5276 2982 5328 anathematisa.
3024 5274 3187 5328 Vincit
3208 5274 3334 5341 fides
3353 5272 3797 5327 Christianorum.
3819 5270 3973 5322 Multi

2406 5371 2527 5419 anni
2556 5368 3144 5433 patriarc/tannimicos
3171 5365 3369 5419 Christi
3385 5364 3541 5419 modo
3556 5362 3969 5415 anathematiza.

2410 5458 2693 5509 “creticus
2771 5459 2921 5509 modo
2989 5457 3398 5508 anathematiza.
3480 5451 3969 5505 Anathematizatos

2408 5550 2558 5599 modo
2592 5549 3003 5601 anathcnatisa.
3046 5548 3215 5599 Vincit
3243 5547 3372 5614 ﬁdes
3403 5544 3853 5598 Christianorum.

2478 5636 2683 5693 EtAct.
2737 5641 2787 5703 5,
2842 5655 2960 5707 quae
3014 5652 3167 5690 antea
3226 5640 3278 5690 in
3340 5636 3569 5704 vulgatis
3631 5630 3967 5686 editionibus

2408 5734 2613 5787 Solebat
2642 5748 2763 5787 esse
2816 5732 3006 5800 prima,
3038 5740 3215 5785 exstat
3248 5730 3559 5799 longissima
3618 5722 3964 5782 acclamatio,

2410 5840 2513 5892 qua
2547 5825 2741 5892 partim
2790 5823 2930 5877 bona
2961 5824 3217 5892 Augusus
3266 5832 3319 5875 et
3376 5817 3715 5890 patriarchae,
3769 5812 3961 5883 partim
