4252 6444
268 406 372 481 313

1375 427 1762 489 GRB’I'SERI
1795 427 1889 485 ΕΤ
1926 427 2161 487 GOARI
2203 427 2442 490 ΝΟΤΕ.

3398 434 3502 496 314

265 534 407 586 mala
459 534 728 593 haereticis
816 541 1048 609 populus
1095 542 1452 612 imprecator.
1514 543 1674 598 ltiti
1721 546 1828 599 sint
1863 552 1904 608 Α
1934 537 2229 615 superioris
2248 546 2441 614 capitis
2474 543 2600 614 (col.
2634 544 2729 598 9.8l
2772 545 2855 615 Π),
2886 546 3058 601 amice
3089 545 3278 609 lector,
3315 561 3497 600 recur-

264 625 393 676 anni
410 626 764 696 imperatoris,
800 632 954 686 multi
984 635 1109 688 anni
1142 637 1411 706 Anguste,
1434 645 1538 690 etc.
1580 635 1825 691 Severum

259 716 609 775 Manicheum
685 723 831 788 ejice,
892 734 990 780 etc.
1063 727 1398 798 Efods'entstr
1452 745 1579 784 ossa
1649 728 1824 784 Heni-

259 811 544 877 cluzorsun,
576 822 675 867 etc.
709 812 954 870 Severum
984 816 1334 872 Nasidium
1365 819 1511 887 foras
1531 819 1677 888 ejice,
1722 829 1823 873 etc.

261 899 366 965 Qui
390 920 493 956 non
547 906 962 963 anathematth
1025 911 1290 975 Severum,
1344 911 1666 966 Manio/mus
1725 923 1821 965 est.

258 991 408 1062 Ejice
435 996 580 1063 foras
647 997 914 1055 Severum.
975 1002 1181 1056 Novum
1236 1003 1435 1058 Iudam
1485 1006 1612 1073 ejice
1656 1005 1821 1072 foras.

260 1084 640 1142 lnsidiatorem
671 1091 946 1145 Trinitatis
982 1096 1106 1161 ejice
1126 1096 1293 1165 foras,
1317 1107 1416 1150 etc.
1461 1097 1825 1150 Exhunientnr

261 1190 386 1228 ossa
425 1175 881 1238 Nestorianorum.
935 1182 1295 1241 Exlmmentur
1330 1205 1448 1242 ossa
1471 1186 1825 1256 Eutydtieni~

253 1279 477 1325 starum.
505 1273 633 1339 Quis
683 1286 758 1328 est
782 1275 830 1328 Ν
835 1281 1128 1333 estorianus
1149 1282 1172 1334 ?
1193 1281 1302 1349 Ego
1323 1282 1490 1333 nescio
1508 1295 1526 1342 ;
1543 1281 1824 1334 anathema

254 1363 319 1414 sit
347 1363 457 1430 ipse
485 1382 516 1417 a
546 1365 822 1435 Trinitate,
855 1380 955 1423 etc.
985 1371 1307 1426 Manicha'os
1334 1375 1398 1425 de
1428 1373 1644 1425 ecclesia
1673 1373 1821 1440 ejice.

256 1451 398 1505 Duos
436 1453 726 1519 Stcplianos
768 1460 832 1513 de
885 1461 1103 1514 ecclesia
1152 1463 1300 1529 ejice.
1353 1458 1522 1516 Paulo
1584 1472 1705 1532 post
1769 1464 1820 1516 in

252 1541 441 1594 eadem
469 1547 712 1602 sessione
739 1561 1041 1618 sequuntur
1067 1551 1218 1621 plura
1251 1551 1413 1622 hujus
1460 1554 1676 1622 generis
1708 1553 1824 1622 epi-

253 1639 601 1701 plioueinata.

321 1730 713 1788 Acclaniabant
742 1737 903 1788 etiam
932 1737 1408 1792 concionatoribus
1434 1755 1448 1802 ;
1481 1741 1635 1807 cujus
1657 1736 1824 1790 moris

249 1824 500 1890 exempla
555 1825 798 1879 invenies
851 1827 994 1894 apud
1055 1825 1111 1881 S.
1156 1828 1581 1896 Augustinum].
1640 1845 1692 1882 iv
1747 1828 1822 1881 De

248 1909 491 1964 doctrina
532 1912 858 1983 Christiana,
897 1932 946 1971 c.
999 1918 1093 1981 26,
1136 1927 1191 1970 et
1238 1933 1380 1985 saepe
1428 1919 1480 1973 in
1542 1919 1814 1976 liomiliis.
1852 1903 1891 1958 Β

250 1998 523 2056 llaetenus
565 2005 753 2060 deista
800 2010 1220 2064 consuetudine.
1259 2009 1463 2068 Gens.

318 2095 484 2164 282
505 2096 560 2149 P.
585 2098 677 2153 t6.
697 2099 856 2171 [Σᾱς.
882 2100 1226 2158 Pronomii.is
1254 2103 1315 2154 σύ
1340 2105 1546 2173 plurale
1566 2113 1650 2158 est
1675 2107 1814 2167 ἑσεῖς

250 2188 300 2239 in
374 2191 553 2256 primo
611 2207 777 2257 casu;
815 2193 866 2248 in
920 2196 1145 2265 reliquis
1170 2199 1268 2258 σᾶς
1303 2200 1502 2261 etsed;
1563 2212 1815 2268 corrupte

245 2283 561 2345 pronuntiat
592 2285 820 2340 Graecia.

315 2372 453 2428 Ibid.
493 2375 682 2447 [Θεός.
707 2379 807 2433 Cui
841 2382 1007 2435 verbo
1033 2383 1198 2438 addes
1225 2400 1288 2438 ex
1319 2383 1630 2456 Horologio,
1661 2397 1717 2441 ιιι
1744 2391 1814 2441 sit

247 2467 502 2523 modulus
527 2470 752 2540 integer,
775 2473 892 2524 Τῶν
911 2475 1161 2542 πατέρων
1183 2478 1339 2545 ἡμῶν
1357 2479 1384 2530 ὁ
1403 2481 1570 2532 ποιῶν
1593 2483 1676 2533 ἀεὶ
1697 2481 1813 2550 μεθ’

245 2559 402 2625 ἡμῶν
420 2561 558 2613 κατὰ
575 2563 675 2633 τὴν
698 2567 796 2631 σὴν
815 2566 1130 2632 ἐπιείκεια-ι,
1179 2570 1469 2640 μὴάποστή
1481 2590 1574 2642 an;
1594 2574 1651 2624 τὸ
1673 2573 1815 2635 ἔλεός

244 2665 336 2702 σου
361 2651 455 2717 ἀφ’
481 2653 655 2720 ἡμῶν,
688 2653 821 2708 ἀλλὰ
868 2661 984 2720 ταῖς
1024 2659 1203 2712 αὐτῶν
1263 2662 1488 2726 ἱκεσίαις
1536 2666 1592 2715 ὲν
1621 2665 1812 2735 εἰρήνῃ

243 2740 581 2811 κυσέρνησον
604 2745 700 2813 τὴν
728 2748 871 2816 ςωὴν
895 2749 1071 2816 ἡμῶν.
1125 2750 1633 2818 Polycbrouismum
1693 2771 1812 2809 ino-

244 2835 546 2887 nachorum
569 2837 621 2889 in
644 2840 948 2906 superioris
994 2843 1225 2896 salutem
1277 2846 1538 2899 emissum
1595 2847 1813 2916 require

242 2925 293 2976 iu
332 2924 538 2981 Memno
565 2939 709 2984 retro
763 2930 925 2986 Nonre
970 2935 1226 2990 oliicium.
1267 2936 1462 3008 Gutta]

311 3017 458 3074 Ibid.
490 3019 1000 3088 Protapastolarius.
1034 3027 1192 3083 Vides
1226 3039 1280 3083 et
1312 3031 1399 3085 hic
1430 3047 1628 3087 nomen
1661 3031 1811 3087 Grae-

240 3109 448 3164 caniere
477 3113 818 3183 ambitionis,
858 3119 1002 3187 quod
1035 3120 1180 3175 inter
1210 3122 1327 3178 illos
1356 3124 1449 3192 qui
1502 3125 1808 3192 apostolum

241 3200 463 3255 Paulum
501 3204 712 3273 publice
734 3207 1002 3277 legebant,
1031 3209 1130 3264 hoc
1155 3221 1238 3266 est
1265 3213 1404 3266 inter
1423 3214 1805 3282 apustolarios,
1830 3248 1878 3313 C

237 3295 530 3351 voluerunt
553 3298 755 3354 habere
806 3304 1345 3369 pretapostolarium.
1390 3304 1595 3360 Cas'rs.

307 3387 452 3442 Ibid.
485 3385 587 3460 [Ἡ
617 3391 728 3460 τῆς
749 3396 1116 3466 λειτουργίας
1149 3396 1289 3466 ὥρα.
1317 3397 1446 3464 Quae
1475 3397 1576 3453 hac
1625 3399 1712 3454 die
1740 3402 1807 3454 ab

235 3487 357 3533 orto
385 3479 502 3534 sole
529 3482 739 3537 decima
767 3493 869 3539 est.
899 3485 976 3540 lla
1024 3496 1187 3556 typus
1238 3489 1485 3543 hodierni
1544 3488 1703 3544 ul'ﬁcii
1739 3493 1805 3544 ad

233 3569 406 3626 Nona:
428 3574 626 3629 calcem
646 3577 853 3644 positus
874 3594 888 3631 :
911 3578 1042 3647 Περὶ
1064 3579 1118 3632 δὲ
1133 3579 1282 3649 ὥραν
1302 3581 1531 3651 δεκάτην
1551 3582 1807 3651 σημαίνει

236 3661 293 3713 τὸ
349 3665 496 3731 μέγα
567 3676 674 3718 etc.
727 3668 793 3719 ad
855 3669 1102 3736 synaxim
1159 3669 1410 3724 videlicet
1456 3687 1804 3741 vesperarum

236 3756 585 3821 habendam;
616 3760 822 3826 quibus
853 3760 1019 3816 [initis
1057 3762 1285 3831 καθεξῆς
1326 3765 1359 3833 ἠ
1397 3762 1513 3816 Θεία
1561 3765 1806 3838 λειτουρ-

234 3851 332 3917 γία
358 3850 452 3902 τοῦ
482 3852 720 3920 μεγάλου
767 3852 1070 3910 Βασιλείου.

305 3943 446 3998 Ibid.
509 3942 774 4014 [Sabbato
814 3946 899 4000 vel
957 3945 1238 4000 Dominica
1287 3948 1555 4018 jejunium
1599 3951 1804 4009 Grecis

243 4025 522 4090 illicitum.
557 4035 690 4090 Eam
728 4038 799 4090 ob
825 4053 936 4091 rem
969 4040 1012 4092 si
1045 4037 1316 4095 Natalium
1363 4040 1567 4097 Christi
1616 4023 1804 4099 diebus

236 4125 557 4192 hujusmodi
596 4142 715 4183 sors
749 4127 884 4184 ferat
919 4131 1185 4186 celebrari
1257 4135 1624 4203 pervigilium,
1686 4148 1742 4191 ut
1773 4153 1801 4191 a

225 4216 441 4284 jejunio
479 4217 774 4286 abstinent,
811 4221 883 4274 ita
939 4223 1158 4278 missam
1208 4234 1472 4281 consueto
1535 4237 1800 4297 tempore,

229 4308 377 4376 quod
413 4307 518 4362 diei
559 4311 714 4363 tertia
739 4321 844 4372 est,
879 4325 1150 4383 peragunt
1180 4332 1194 4368 :
1229 4315 1275 4370 si
1303 4316 1440 4370 alias
1494 4317 1700 4373 incidat
1746 4321 1800 4376 in

231 4399 422 4464 ferias,
451 4417 573 4456 cum
602 4404 823 4458 nonnisi
875 4406 1055 4462 missa:
1107 4409 1408 4476 prmissis
1462 4413 1801 4471 solemnibus

229 4492 308 4544 ias
335 4493 409 4547 sit
443 4495 654 4548 solvere
687 4496 979 4564 jejunium,
1018 4499 1149 4554 illud
1213 4516 1342 4556 vero
1404 4503 1467 4557 ad
1520 4520 1799 4573 vesperam

1930 655 2020 694 ras
2069 654 2282 708 precor.
2315 635 2517 708 Goan.]

1998 730 2144 784 Ibid.
2195 730 2470 784 Crinonia.
2519 728 2630 784 l-loc
2669 730 3013 798 imperatoris
3038 741 3246 796 tegmen
3277 731 3497 784 videtur

1928 837 1956 876 α
1990 820 2170 889 specie
2199 820 2292 872 lilii
2324 820 2592 875 Crinonite
2632 837 2826 875 nomen
2865 823 3154 880 invenisse,
3187 833 3242 875 ιιι
3271 831 3323 875 et
3365 822 3496 875 illud

1929 913 2301 983 tetrapltyllum
2344 930 2370 968 a
2413 925 2646 982 quatuor
2685 915 2848 968 foliis.
2914 911 3207 980 Utriusque
3245 915 3492 966 meminit

1927 1003 2289 1065 Glossarium,
2346 1003 2438 1056 sed
2501 1003 2664 1056 nudis
2740 1003 2980 1072 solisque
3037 1003 3216 1056 verbis
3275 1002 3493 1065 Cadini,

1929 1095 2072 1146 nulla
2099 1095 2458 1164 explicatione
2491 1094 2752 1147 adhibita.
2825 1094 3038 1149 Gnsrs.

2000 1187 2378 1258 [Κρινωνιάν.
2437 1186 2696 1242 Coronam
2761 1187 2892 1240 (iliis
2957 1187 3070 1240 sive
3128 1185 3369 1239 ﬂosculis
3440 1183 3495 1236 in

1927 1295 2116 1349 gyrum
2151 1279 2554 1347 germinantem.
2605 1280 2857 1333 Coresins
2899 1279 2950 1332 iii
3010 1279 3310 1346 rescriptis.
3367 1276 3493 1329 Bal-

1927 1372 2134 1426 salmon
2172 1370 2432 1426 Medilalo
2459 1371 2778 1426 deincensis
2830 1382 2935 1427 etc.
3002 1369 3148 1427 Juris
3201 1370 3292 1425 οιι
3345 1368 3382 1424 l.
3412 1369 3490 1422 7:

1928 1465 2128 1533 Κρενος
2149 1465 2212 1514 ἐκ
2237 1464 2530 1533 κρινωνιᾶς
2563 1463 2969 1530 συλλεγόμενος.

2002 1555 2139 1609 Ibid.
2177 1556 2632 1626 [τετράρυλλσν.
2671 1556 2925 1610 Corcsius
2965 1554 3105 1606 idem
3136 1554 3295 1606 ιΙοευι
3329 1552 3487 1604 aliam

1927 1663 2180 1702 coronam
2224 1663 2359 1710 essm
2397 1663 2424 1699 e
2452 1663 2555 1714 qua
2589 1657 2824 1716 quatuor
2861 1646 3097 1702 ﬂosculi.
3150 1644 3214 1697 ad
3254 1643 3486 1696 frontem

1927 1736 2181 1788 nimirum
2214 1747 2264 1787 ct
2297 1736 2538 1804 sinciput
2571 1751 2634 1790 ac
2668 1740 2731 1789 ad
2766 1749 3053 1804 utramque
3103 1750 3313 1801 aurem,
3347 1732 3490 1785 cuii-

1926 1836 2070 1882 eant.
2099 1825 2296 1898 Gom.]

1990 1920 2130 1974 Ibid.
2153 1918 2474 1973 Flamnmla.
2502 1919 2706 1974 Dicitur
2730 1921 2787 1973 τὸ
2807 1920 3137 1989 ﬂammulam
3166 1927 3218 1972 et
3244 1918 3309 1968 τὰ
3334 1918 3493 1983 ﬂant-

1920 2012 2406 2074 mula,aliquando
2467 2012 2697 2081 simplici
2751 2030 2809 2081 μ,
2870 2013 3142 2064 interdum
3195 2010 3490 2079 geminato.

1917 2102 2124 2154 Dicitur
2177 2103 2340 2156 etiam
2406 2102 2630 2168 ﬂaniula
2689 2101 2940 2170 ﬂamula',
2968 2115 3163 2169 genere
3196 2101 3479 2153 leininino.

1919 2191 2193 2261 Vegetius.
2215 2209 2293 2254 Ill,
2313 2192 2376 2246 5:
2401 2193 2620 2255 Aquilae,
2650 2195 2922 2256 dracones,
2942 2195 3155 2253 vexilla,
3181 2192 3488 2260 ﬂammulw,

1919 2285 2046 2350 tufw
2085 2300 2174 2337 seu
2203 2286 2401 2351 tuplue.
2436 2282 2629 2338 Merito
2653 2295 2832 2338 autem
2869 2285 3221 2351 reprehendit
3251 2281 3489 2350 Lipsius,

1917 2375 1950 2427 Ι.
1992 2377 2129 2428 ivde
2155 2376 2338 2428 Militia
2403 2373 2671 2439 Romana,
2711 2379 2833 2429 illos
2893 2376 2983 2439 qui
3041 2377 3180 2444 apud
3209 2373 3487 2444 chetjum

1916 2471 2219 2538 ﬂammulas
2249 2481 2459 2524 mutant
2494 2473 2543 2524 in
2600 2471 2898 2524 ﬂameola:
2965 2469 3008 2522 0
3064 2470 3220 2532 male,
3283 2471 3485 2536 inquit,

1915 2562 2236 2615 abstineant.
2267 2561 2330 2614 Et
2359 2561 2551 2613 merito
2586 2571 2769 2614 monet
2804 2571 2862 2613 ut
2926 2559 3271 2622 abstineant;
3316 2558 3477 2627 283

1915 2654 2006 2721 qni
2071 2662 2218 2707 recte
2275 2654 2456 2707 itidem
2516 2654 2750 2723 castigat
2806 2653 3156 2719 interpretem
3234 2652 3486 2715 Cedieni,

1915 2745 2028 2798 bace
2071 2747 2231 2800 verba
2262 2744 2446 2799 Graeca
2478 2746 2566 2796 τὸν
2591 2746 2688 2815 τῆς
2718 2747 2939 2814 siprius}:
2968 2745 3246 2814 ἔγγραφον
3270 2746 3482 2812 χάρτην

1912 2837 2004 2888 ἐπὶ
2023 2837 2410 2906 φλαμμυολέου
2444 2838 2817 2905 κρεμάσαντες
2849 2839 2932 2889 llis
2966 2836 3172 2889 Latinis
3224 2836 3487 2902 interpre-

1913 2935 2140 2983 tantem.
2211 2927 2406 2980 tabulis
2464 2928 2606 2993 pacis
2641 2929 2703 2980 dc
2771 2938 2918 2979 conto
2977 2929 3262 2990 suspensis,
3328 2927 3486 2995 quasi

1913 3019 2239 3087 φλαμούλιον
2268 3021 2335 3073 sit
2365 3031 2566 3073 contus.
2591 3018 2911 3074 Rectissime
2939 3018 3155 3085 Lipsius
3189 3019 3482 3072 :Cliartant

1912 3111 2284 3180 conscriptam,
2341 3113 2487 3180 pacis
2554 3122 2755 3173 testem,
2790 3128 2946 3180 super
3003 3111 3224 3178 flamnla
3271 3128 3485 3178 suspen-

1913 3206 2111 3258 dentes.
2143 3204 2255 3258 Nec
2290 3213 2438 3258 recte
2473 3203 2672 3260 Junius
2725 3203 3033 3273 φλάμουλον
3084 3207 3480 3271 interpretatur

1918 3298 2179 3357 labarum.
2217 3298 2344 3368 quia
2371 3298 2617 3352 labarum
2663 3313 2834 3351 unum
2893 3306 3045 3361 erat;
3093 3305 3147 3349 at
3199 3296 3484 3364 φλάμουλα

1914 3392 2076 3446 etiam
2110 3392 2360 3461 βασιλικά
2389 3399 2442 3444 et
2470 3390 2817 3459 imperatoria
2849 3389 3022 3458 plura,
3048 3387 3305 3441 nimirum
3357 3386 3490 3440 duo-

1913 3482 2201 3549 decim;et
2229 3481 2374 3536 domi
2406 3497 2645 3552 quoque,
2683 3496 2787 3534 non
2826 3490 3034 3535 tantum
3073 3480 3126 3533 in
3157 3480 3297 3533 bello
3353 3493 3489 3548 pra:-

1913 3574 2251 3638 l‘erebantur,
2277 3582 2338 3627 ut
2372 3577 2526 3628 docet
2566 3574 2916 3642 Curopalata,
2973 3589 3022 3627 c.
3060 3573 3113 3628 6.
3145 3573 3304 3627 Forte
3327 3583 3487 3628 vetus

1915 3667 2045 3721 illud
2077 3667 2319 3720 labarum
2352 3666 2493 3734 apud
2545 3667 2875 3734 posteriores
2937 3665 3156 3720 Graecos
3205 3667 3480 3718 desierat:

1913 3760 1996 3815 sin
2027 3760 2229 3820 minus,
2256 3757 2516 3810 δ;6ἐλλιον
2540 3758 2721 3826 potius
2753 3758 2941 3812 labaro
2977 3759 3307 3825 respondere
3339 3757 3485 3810 (licc-

1910 3867 2023 3908 rem
2054 3869 2067 3906 :
2112 3849 2213 3905 hoc
2243 3851 2385 3904 enim
2410 3851 2626 3904 unicum
2652 3862 2787 3912 erat,
2828 3864 2951 3902 ante
2986 3864 3176 3902 omnes
3211 3848 3485 3914 llamulas,

1913 3957 1968 4002 ul
1994 3949 2188 4001 ibidem
2221 3946 2440 3998 dicitur.
2495 3941 2602 3996 Nec
2654 3942 3014 3995 omittendum
3065 3941 3194 3993 illud
3249 3940 3479 3991 Suidm:

1911 4041 2158 4110 Zaupt'tnv
2188 4036 2322 4101 εἶδος
2353 4037 2653 4106 σημαίαςῆ
2710 4035 3039 4104 φλαμού).ου.
3095 4034 3232 4099 Quid
3301 4045 3478 4085 tamen

1912 4135 2156 4194 saurion,
2191 4133 2407 4200 ignoro.
2452 4129 2628 4198 inquit
2660 4128 2898 4195 Lipsius.
2955 4126 3056 4179 Sed
3090 4126 3216 4193 quid
3257 4125 3299 4178 si
3337 4125 3480 4193 lege-

1911 4235 2062 4280 retur
2095 4222 2417 4293 cuupiuw?
2458 4221 2620 4276 Certe
2653 4236 2822 4273 unum
2852 4236 2911 4273 ex
2937 4218 3170 4271 ﬂaniulis
3199 4218 3483 4283 impr-ratu-

1909 4321 1986 4375 ris
2027 4318 2253 4385 σταυρὸς
2289 4327 2426 4378 erat,
2473 4317 2574 4369 hoc
2609 4324 2692 4369 est
2725 4330 2884 4375 crux,
2946 4321 3004 4366 ut
3045 4328 3208 4378 supra
3274 4311 3480 4364 dictum

1908 4429 1974 4469 ex
2001 4413 2321 4481 Cumpalata
2362 4426 2410 4464 c.
2454 4407 2506 4461 6.
2538 4407 2607 4461 Ut
2641 4408 2800 4477 igitur
2833 4423 2862 4460 a
2917 4407 3150 4459 dracone
3206 4405 3480 4457 llamu'um

1909 4505 2181 4573 quoddam
2218 4503 2422 4557 dicitur
2483 4500 2624 4566 apud
2666 4498 3052 4567 Cnropalatam
3116 4497 3481 4563 δρακοντεῖον,

227 4599 407 4651 usque
434 4586 506 4638 sit
544 4588 994 4654 protrahendum,
1025 4606 1250 4660 vespere
1294 4593 1663 4660 solummodo,
1694 4615 1803 4663 quo
1836 4602 1884 4661 D
1912 4597 1991 4652 sic
2021 4596 2162 4666 apud
2197 4594 2418 4650 Suidam
2453 4595 2670 4650 videtur
2706 4609 2734 4647 a
2783 4604 3078 4648 stauroseu
3115 4607 3275 4646 cruce
3302 4594 3483 4645 vocari

231 4680 674 4747 vespertinarum
728 4681 950 4736 landum
1001 4692 1218 4752 tempus
1266 4686 1453 4750 instat,
1494 4691 1656 4742 simul
1678 4705 1802 4744 cum

233 4774 368 4854 ipsis
401 4785 655 4829 cantatur
700 4776 902 4843 missa;
955 4793 1062 4844 qua
1109 4781 1259 4834 linita
1314 4782 1421 4836 cibi
1447 4785 1693 4851 capiendi
1751 4789 1804 4841 lit

230 4873 494 4932 potestas.
517 4866 640 4921 Hzec
658 4883 722 4920 ex
751 4869 855 4922 ritu
881 4871 1044 4934 huius
1068 4871 1170 4924 diei
1192 4873 1244 4925 in
1267 4873 1469 4928 Menam
1491 4878 1805 4943 reperienda

227 4957 293 5009 ad
335 4959 499 5026 hujus
529 4959 628 5012 loci
665 4962 1084 5028 expositionem.
1121 4964 1312 5037 Gustu]

306 5047 366 5100 Ρ.
423 5048 513 5102 Π.
573 5048 699 5103 Post
771 5053 906 5105 hanc
958 5055 1176 5125 liturgia
1238 5057 1530 5125 perﬁcitur.
1589 5060 1804 5115 Habent

230 5142 380 5194 hunc
422 5156 624 5195 morem
675 5143 869 5208 Graeci,
944 5148 1084 5200 utin
1140 5151 1553 5218 quadragesima
1611 5153 1801 5207 diebus

222 5232 424 5302 jejunii
450 5234 572 5287 etin
601 5234 799 5303 vigiliis
825 5237 1095 5306 Iiturgiam
1132 5254 1226 5293 seu
1261 5240 1481 5296 missam
1517 5241 1804 5298 'celebrent

228 5339 254 5375 a
293 5326 539 5389 meridie,
584 5337 637 5380 ct
675 5337 732 5381 ut
754 5327 880 5382 hinc
935 5341 1178 5398 apparet,
1239 5341 1357 5400 post
1426 5349 1697 5401 vesperas.
1747 5338 1800 5390 lu

228 5416 500 5472 Paschate
525 5418 737 5489 liturgia
767 5423 821 5474 lit
841 5430 965 5474 ante
995 5423 1128 5478 solis
1158 5434 1426 5478 exortum.
1456 5427 1590 5481 Aliis
1610 5430 1802 5484 diebus

231 5509 362 5562 hora
400 5510 579 5572 tertia,
624 5521 880 5581 tanquam
915 5528 1197 5579 consueta,
1259 5526 1313 5570 ut
1365 5517 1524 5571 docet
1581 5517 1799 5574 Gabriel

234 5601 724 5669 Philadelphiensis
757 5605 1044 5676 episcopus
1089 5607 1142 5661 in
1177 5624 1280 5663 suo
1344 5610 1417 5664 De
1445 5615 1803 5667 sacramentis

231 5694 436 5747 libello.
475 5693 675 5750 Gncrs.

310 5785 448 5840 Ibid.
493 5788 576 5841 15.
630 5787 1014 5859 [Ἀλλάσσει.
1060 5790 1174 5845 Non
1223 5803 1430 5855 mutat,
1477 5796 1568 5849 sed
1619 5797 1798 5863 potius

227 5871 426 5935 induit,
461 5873 520 5926 τὸ
550 5875 734 5930 ἐπάνω
767 5879 1024 5934 nimirqu
1065 5880 1283 5948 ἔνδυμα,
1323 5894 1426 5936 etc.
1481 5887 1556 5938 Ad
1614 5897 1795 5940 uolam

1905 4689 2152 4742 staurion
2176 4688 2305 4741 illud
2333 4688 2474 4756 quod
2504 4702 2533 4740 a
2592 4686 2913 4755 Curopalata
2955 4695 3170 4737 staurns
3201 4699 3294 4736 seu
3350 4699 3485 4734 crum

1905 4781 2238 4848 appellatur.
2315 4780 2676 4847 Φλάμπουρον
2763 4791 2982 4845 quoque
3041 4775 3286 4828 invenias
3339 4774 3481 4843 apud

1908 4873 2315 4942 Ioschopulum
2362 4893 2374 4928 :
2411 4873 2548 4940 apud
2588 4871 2912 4930 Cedrenum.
2967 4884 3018 4938 p.
3076 4869 3200 4928 4H,
3237 4866 3482 4935 (pi.apo-J~

1902 4963 2038 5029 λιον,
2071 4965 2210 5032 apud
2243 4963 2477 5017 Leonem
2510 4964 2561 5014 in
2587 4959 3125 5015 Taeticisconstitut.
3158 4957 3212 5025 5,
3247 4958 3484 5026 elapsa--

1903 5056 2131 5116 λίαιιιον,
2164 5055 2218 5109 in
2245 5055 2518 5108 Pandecte
2553 5053 2628 5106 Tu
2645 5052 2789 5106 rcico
2823 5051 3140 5121 ﬂambarum
3165 5059 3219 5102 et
3248 5047 3480 5116 [lambu-

1904 5148 2212 5216 Iumpquaa
2240 5156 2292 5201 et
2333 5147 2491 5200 hodie
2522 5145 2727 5199 Graecis
2753 5144 2978 5198 usitata.
3011 5143 3262 5210 Idemque
3298 5142 3482 5193 omnia

1898 5242 2019 5295 hac
2049 5240 2336 5302 vocabula,
2366 5239 2466 5294 etsi
2500 5239 2718 5292 diverse
2751 5237 2913 5292 scribi
2936 5236 3116 5298 solita,
3147 5235 3480 5301 signiﬁcant,

1908 5347 2100 5399 nempe
2128 5332 2408 5393 vexillum,
2437 5347 2551 5394 seu,
2583 5339 2641 5382 ut
2665 5330 3053 5398 interpretatur
3083 5326 3299 5380 Nicetas
3334 5327 3473 5393 apud

1905 5422 2204 5488 Rigaltintn
2243 5423 2291 5474 in
2318 5421 2621 5484 Glossario,
2657 5422 2864 5490 signum
2889 5420 3140 5472 militare.
3163 5417 3269 5471 Nec
3303 5428 3480 5480 tamen

1906 5517 2112 5570 militia:
2147 5519 2322 5571 solum
2350 5517 2441 5570 sed
2482 5526 2532 5568 et
2567 5517 2710 5569 domi
2747 5514 3062 5583 imperatori
3092 5524 3146 5567 et
3214 5513 3474 5582 principi-

1904 5611 2006 5665 bus
2034 5612 2213 5680 palatii
2244 5610 2481 5679 praeferri
2515 5620 2858 5673 consuetum,
2928 5607 3070 5676 quod
3137 5606 3354 5673 planum
3418 5621 3482 5658 cx

1902 5701 2161 5772 Curopal.
2218 5721 2263 5757 ς.
2336 5705 2386 5754 li.
2451 5701 2561 5755 luto
2617 5703 2762 5756 domi
2828 5701 2976 5770 plura
3037 5685 3482 5767 praeferebantur,

1896 5796 2165 5848 nimirum
2200 5795 2482 5849 duodecim
2523 5813 2534 5847 :
2603 5795 2786 5867 Ἐκτδς
2817 5793 2871 5845 δὲ
2891 5793 3087 5844 ὁπόταν
3139 5788 3485 5860 στρατεύει.ό

1906 5886 2180 5950 βασιλεὺς,
2221 5889 2358 5938 κατὰ
2390 5887 2678 5952 meq-:1.-
2721 5890 2812 5950 τῆς
2853 5885 3140 5949 ποςᾶτητος
3168 5884 3262 5951 τῆς
3314 5879 3483 5932 αὖτιιῦ
