4252 6444
271 391 378 456 317

1387 407 1770 471 GRETSEIH
1812 409 1907 468 ET
1949 409 2183 474 GOARI
2229 418 2467 478 NOTAE.

3427 419 3530 485 3l8

267 511 438 564 sectis
470 510 681 567 laciniis
707 513 938 572 inferius
972 519 1207 576 divisum
1251 524 1654 599 ὸκτὰγλωσσον,
1698 533 1861 601 poly-
1894 534 1936 587 Α

1850 561 1861 570 -
1894 534 1936 587 Α
1972 534 2062 587 καὶ
2089 536 2249 598 αὐτὸς
2290 536 2414 600 ἕνας
2451 539 2527 599 εἰς
2559 536 2616 589 τὸ
2644 537 2830 605 τάγμα
2877 535 3011 588 ἓπθυ
3049 532 3391 602 ὠ-λομάζετον
3421 533 3529 585 Τύ-

266 603 578 672 podemque
607 608 866 664 scissuris
889 611 1150 679 referens,
1183 617 1509 674 ὀκταποδίου
1529 637 1727 677 nomen
1753 639 1847 677 ac-

263 696 408 761 cepit
432 714 458 748 a
500 699 682 768 vulgo.

338 785 482 842 Ibid.
527 789 812 860 [Σταυρὸς
839 795 998 864 ἔχων
1025 800 1289 866 εἰκόνας.
1336 802 1564 861 Crucem
1605 807 1745 864 hanc
1793 810 1845 864 in

261 881 466 932 castris
493 892 545 933 et
580 882 931 943 conﬂictibus
988 890 1220 944 delatam
1291 894 1559 959 ejusmodi
1613 901 1848 957 arbitror

263 970 456 1036 quales
491 973 542 1024 in
574 977 746 1030 sacris
782 981 1130 1044 processibus
1167 983 1249 1038 vel
1304 986 1355 1038 in
1408 990 1657 1045 ecclesils
1715 992 1846 1046 ado-

265 1062 467 1118 randas
501 1080 585 1119 me
608 1070 958 1136 conspexisse
984 1075 1227 1128 memini.
1280 1076 1500 1147 Lignea;
1558 1090 1689 1136 sunt
1740 1084 1846 1138 illa:

265 1151 579 1222 (argenteas
605 1161 898 1230 aureisque
954 1166 1175 1221 laminis
1233 1181 1517 1227 contectas
1575 1177 1845 1243 rapacitas

264 1245 494 1302 Turcica
527 1250 875 1323 eliminavit‘),
905 1266 957 1310 et
992 1261 1055 1311 ad
1085 1276 1274 1314 earum
1338 1270 1615 1320 estremos
1663 1284 1845 1324 ramos

262 1342 514 1408 quamvis
545 1345 758 1414 amplos
789 1349 1012 1404 latiores
1043 1353 1222 1407 adhuc
1261 1355 1591 1431 trifoliorum
1659 1360 1844 1429 ﬁgura:

265 1435 600 1501 prominent,
634 1439 688 1491 in
716 1441 918 1508 quibus
942 1458 1334 1515 nonnunquam
1365 1458 1560 1518 pectus
1594 1460 1646 1506 et
1675 1454 1843 1508 {acies

261 1535 500 1593 quatuor
527 1531 980 1598 evangelistarum
1015 1537 1097 1589 vel
1119 1538 1247 1592 hinc
1277 1540 1401 1595 inde
1437 1542 1680 1613 Deiparte
1711 1558 1763 1600 et
1783 1545 1840 1600 S.

265 1617 498 1674 Joannis
544 1617 845 1678 aliorumve
873 1627 1037 1681 variis
1072 1631 1369 1699 coloribus,
1400 1635 1668 1692 delineata
1692 1639 1842 1707 prius

263 1711 314 1763 in
346 1713 529 1767 medio
561 1717 807 1771 cruciﬁxi
834 1721 1038 1788 specie,
1068 1733 1384 1778 exarantur.
1413 1726 1614 1792 Quidni
1641 1732 1843 1800 pariter

261 1802 420 1866 οὗτος
451 1808 479 1858 6
512 1809 748 1879 σταυρὸς
786 1811 925 1881 ἔχων
961 1812 1042 1882 (ὲν
1066 1817 1188 1878 ταῖς
1227 1818 1474 1890 ἀκρίαις)
1505 1823 1613 1874 τῶν
1668 1824 1840 1890 ἀγίων

259 1900 544 1968 τεσσάρων
568 1904 820 1970 μεγάλων
843 1907 1137 1978 μαρτύρων
1164 1911 1380 1975 ιῑκόνας
1415 1915 1668 1981 ἐφαίνετο
1689 1933 1702 1981 ;
1722 1932 1844 1971 cru-
1878 1893 1917 1946 Β

261 2002 379 2042 cem
427 1994 642 2060 qualem
680 1996 768 2051 hic
803 2014 1047 2055 memoro
1087 2004 1331 2071 depictus
1373 2007 1427 2060 in
1464 2007 1710 2064 iconibus
1749 2027 1847 2080 per

261 2081 427 2136 hocre
444 2101 580 2153 opus
599 2086 790 2145 Codini
822 2101 876 2147 et
896 2093 1013 2161 ejus
1032 2101 1426 2154 commentaria
1452 2104 1655 2170 sparsis
1675 2115 1848 2173 gestat

259 2179 574 2245 patriarcha
599 2180 706 2236 (ΞΡ.

325 2265 710 2340 [Δημητρίου,
733 2277 1072 2345 Προκοπίου
1093 2281 1192 2334 καὶ
1212 2283 1544 2352 Θεοδὼρων.
1569 2284 1738 2341 Duces
1761 2303 1848 2339 ar-

257 2363 362 2416 mis
397 2366 674 2430 quondam
713 2369 954 2438 insignes
984 2388 1264 2427 armorum
1295 2379 1475 2431 socios
1499 2388 1550 2431 et
1587 2379 1640 2432 in
1692 2381 1846 2434 hellis

257 2465 596 2523 protectores
643 2457 837 2516 Oriens
886 2465 1178 2520 invocabat
1243 2467 1597 2536 Demetrium,
1645 2471 1846 2528 Proco-

255 2547 432 2613 pium,
461 2549 828 2616 καλλινίκους,
863 2565 916 2609 ct
945 2556 1277 2627 Θεοδώρους,
1321 2561 1574 2616 Cedreno
1602 2564 1653 2617 in
1708 2564 1845 2620 Tzc-

253 2637 427 2693 misce
456 2640 650 2696 durem
679 2661 842 2699 unum
874 2651 1106 2704 ctalium
1146 2654 1377 2708 tironem
1405 2657 1602 2712 dictos.
1630 2659 1845 2715 Primus

254 2731 566 2792 Demetrius
652 2741 1091 2813 φλαμπυυράρης
1177 2762 1241 2802 ac
1325 2765 1524 2817 praeses
1607 2753 1844 2807 Thessa-

252 2827 339 2881 li:e
393 2830 496 2884 sub
544 2831 872 2891 Maximiano
957 2847 1163 2908 martyr
1239 2841 1372 2895 obiit
1443 2842 1846 2904 Thessalonica:

255 2921 345 2974 ubi
382 2936 582 2990 corpus
607 2927 726 2990 ejus
771 2943 929 2981 sacro
987 2930 1198 2998 liquore
1228 2937 1508 2988 exundans
1568 2941 1845 3007 perpetuis

251 3029 474 3082 quoque
509 3018 896 3072 miraculorum
935 3025 1162 3076 scaturrit
1197 3025 1435 3081 "tlellllS.
1472 3029 1514 3082 A
1567 3029 1842 3097 prolectu-

253 3106 328 3158 ris
351 3105 406 3158 in
437 3109 684 3174 praelium
725 3112 1032 3176 invocatur,
1065 3130 1274 3185 suoque
1305 3119 1565 3176 bellantes
1616 3124 1840 3192 adjuvat

252 3200 514 3263 praesidio
544 3219 558 3266 ;
596 3217 695 3257 nec
733 3204 784 3258 in
815 3206 1040 3261 dubium
1077 3222 1363 3264 revocatur
1398 3217 1542 3282 quod
1604 3215 1834 3270 Thessa-
1865 3233 1906 3288 ο

253 3293 631 3348 Ionieensibns
697 3297 988 3353 obsidione
1031 3303 1099 3353 ah
1149 3304 1410 3357 Alusiano
1478 3305 1835 3375 Bulgarorum

251 3386 452 3440 cinctis
505 3399 889 3456 unguentoque
944 3395 1010 3447 ab
1065 3395 1182 3462 ejus
1234 3398 1486 3465 sepulcro
1548 3409 1840 3454 enianante

253 3479 436 3533 unctis
471 3480 727 3535 contulit.
785 3481 1047 3539 Romana:
1103 3488 1240 3541 aciei
1306 3488 1407 3542 fuit
1462 3491 1569 3544 dux
1638 3503 1840 3563 inartyr

255 3569 588 3637 Demetrius,
627 3573 702 3626 ait
732 3572 1009 3631 Cedrenus
1061 3579 1114 3631 in
1171 3580 1435 3637 Michaele
1469 3583 1836 3655 Paplilaguue,

253 3664 468 3731 iterque
491 3666 881 3734 complanavit,
910 3671 1052 3736 quod
1075 3671 1289 3741 Bulgari
1316 3675 1510 3743 captivi
1530 3677 1840 3743 juramento

253 3761 677 3822 eontirmarunt,
713 3761 964 3817 dicentes
993 3765 1194 3819 vidisse
1216 3781 1273 3820 se
1293 3768 1551 3836 juvenem
1578 3771 1837 3840 equitem,

250 3848 345 3916 qui
383 3847 637 3903 Romanis
673 3853 926 3923 phalangi
963 3856 1198 3925 prairet,
1243 3873 1395 3928 aquo
1420 3863 1677 3916 cxsiliens
1702 3864 1840 3931 ignis

250 3943 512 3997 adversus
543 3955 812 3998 cremaret
852 3949 1055 4004 hostes.
1091 3951 1244 4004 Alter
1293 3951 1594 4023 Procopius
1651 3957 1840 4009 militia

251 4037 434 4089 clarus
461 4036 569 4089 dux
607 4037 950 4093 Alexandria:
981 4041 1097 4105 luit,
1130 4052 1188 4095 ut
1222 4044 1400 4098 verbis
1438 4045 1629 4097 iisdem
1666 4045 1841 4115 Syna-

252 4129 446 4182 xarion
476 4130 673 4182 aSSHI'il
701 4128 829 4183 Julii
867 4130 930 4183 8:
960 4133 1188 4201 Χαέροις
1217 4135 1507 4204 μαρτύρων
1557 4136 1836 4206 καύχημα,

251 4219 522 4287 saniem
548 4224 876 4290 κραταίωμα
906 4226 1180 4294 canitejus
1209 4226 1346 4280 festo
1367 4228 1605 4282 Ecclesia
1631 4229 1837 4283 Graeca.

250 4312 476 4368 Tertius
511 4314 606 4367 fuit
642 4316 962 4371 Theodorus
996 4320 1377 4389 στρατηλάτης
1401 4323 1631 4390 equitum
1650 4324 1843 4390 magis-

253 4418 335 4457 tcr
370 4406 473 4457 sub
509 4403 738 4470 Licinio,
797 4423 824 4461 a
858 4425 964 4475 quo
997 4418 1228 4464 mortem
1261 4411 1464 4465 illatam
1531 4413 1789 4466 sustinuit
1825 4431 1838 4466 :

248 4495 378 4548 exin
405 4490 771 4549 Romanorum
788 4501 953 4553 armis
973 4498 1151 4554 favere
1171 4502 1336 4570 carpit
1353 4518 1382 4557 e
1400 4505 1560 4567 curio,
1591 4521 1652 4556 ac
1672 4503 1836 4557 Joan-

250 4586 338 4639 nis
372 4585 660 4642 Tzinziscis
696 4598 940 4656 tempore
981 4600 1140 4644 tant'e
1174 4590 1503 4662 Scytharum
1537 4595 1589 4646 in
1615 4593 1832 4650 Graecos

250 4679 615 4745 praeliantium
648 4684 846 4749 stragis
871 4691 1060 4735 auctor
1100 4685 1216 4744 fuit.
1255 4688 1381 4740 utei
1416 4687 1580 4757 286
1601 4691 1828 4756 gratiam

251 4786 354 4842 pro
383 4785 488 4840 Ope
519 4775 623 4826 lata
661 4775 928 4831 relaturus
955 4775 1274 4841 Tzimisces,
1306 4781 1506 4846 templo
1533 4779 1585 4832 in
1631 4795 1740 4849 quo
1787 4782 1832 4836 is

250 4863 521 4916 humatus
552 4874 668 4917 erat
697 4865 992 4930 destructo,
1044 4868 1189 4920 aliud
1249 4868 1692 4938 magniﬁcentius
1743 4886 1836 4923 ex-

249 4964 529 5010 structum
566 4958 780 5025 praediis
811 4960 1020 5028 amplos
1041 4961 1369 5016 habentibus
1401 4964 1604 5018 reditus
1630 4965 1836 5020 ditave-

248 5053 348 5111 rit,
381 5061 435 5103 et
468 5049 678 5115 urbem,
712 5051 1043 5107 Euchanciae
1071 5069 1362 5122 suppresso
1385 5058 1623 5119 nomine,
1674 5073 1835 5111 voca-

248 5143 394 5196 verit
427 5141 906 5213 Tlieodoropolim.
937 5143 1130 5199 Subdit
1157 5145 1465 5206 Cedrenus.
1487 5163 1552 5200 ex
1587 5163 1696 5216 quo
1725 5150 1838 5202 haec

250 5236 582 5305 deprompta
617 5253 631 5289 :
669 5251 800 5290 sane
831 5237 914 5290 his
933 5253 1147 5306 semper
1166 5240 1485 5308 auspicibus
1502 5250 1667 5309 atque
1686 5253 1839 5294 ante-

249 5327 502 5396 signanis
532 5327 819 5382 adversum
849 5329 1034 5384 hostes
1063 5331 1140 5383 uti
1174 5332 1384 5385 solebat
1407 5332 1703 5401 imperator
1725 5333 1834 5387 hic.

247 5419 365 5475 Nec
398 5429 598 5474 temere
633 5437 647 5474 :
681 5422 830 5476 visus
878 5423 1020 5476 enim
1079 5423 1365 5478 manifesto
1429 5434 1635 5495 martyr
1684 5441 1840 5495 opem

249 5526 421 5579 ferre,
455 5513 674 5567 hostiles
701 5530 904 5569 cuneos
930 5517 1241 5581 turhare,et
1275 5517 1712 5584 przeclarissimze
1745 5523 1845 5572 du-

250 5619 371 5658 rem
413 5620 471 5657 se
496 5613 752 5671 prazstare
781 5607 1042 5661 victorize.
1065 5606 1300 5662 Ultimus
1327 5606 1646 5662 Theodorus
1677 5611 1839 5675 alius,

252 5696 360 5750 tiro
386 5696 587 5760 dictus,
621 5713 728 5750 non
767 5699 908 5765 quod
934 5715 1209 5754 armorum
1238 5700 1488 5754 tirocinio
1516 5703 1843 5770 erudiretur,

252 5787 350 5841 sed
378 5787 524 5855 quod
559 5789 610 5841 in
649 5792 872 5843 cohorte
907 5791 1143 5844 tironum
1177 5793 1317 5845 dicta
1348 5805 1636 5860 provectus
1659 5806 1846 5848 centu-

254 5878 340 5932 rio
374 5890 799 5948 promereretur.
836 5881 1199 5937 lianrasccnus
1236 5884 1605 5937 subdiacOnns
1629 5903 1638 5937 :
1663 5880 1831 5936 'iltov

1963 639 2151 697 ρωνες,
2187 628 2333 682 ὼσὰν
2361 630 2425 682 νά
2461 630 2620 700 εἴπῃς
2649 630 3059 698 ἑκατόνταρχος.
3094 627 3158 681 1η
3193 627 3376 680 oraine
3403 626 3532 678 tiro-

1958 736 2081 772 num
2132 720 2512 774 numerabatur
2551 721 2868 790 praecipuus,
2914 728 3045 773 rctut
3090 722 3134 772 si
3176 719 3526 772 centuriouen‘

1956 816 2127 866 dicas.
2156 814 2230 866 lta
2258 814 2437 868 dictus
2470 824 2660 868 auctor
2699 813 2906 881 vulgari
2941 811 3220 866 idiomate.
3255 808 3458 879 ϐολὴ]

2025 907 2082 959 Ρ.
2114 906 2200 957 48.
2244 904 2377 957 Illud
2432 904 2722 974 Θεοδὼρων
2774 915 2856 960 est
2914 904 3203 970 utriusque
3261 901 3530 956 Theodori

1957 997 2237 1066 martyris,
2273 998 2428 1052 ducis
2455 1007 2508 1051 et
2552 998 2769 1053 tironis.
2841 997 3048 1050 Prioris
3103 996 3301 1050 festum
3366 1004 3527 1064 agunt

1955 1088 2124 1143 Grzcci
2153 1090 2183 1142 8
2215 1088 2384 1146 Junii.
2420 1090 2740 1158 posterioris
2774 1089 2838 1140 l7
2867 1087 3025 1142 Febr.
3059 1088 3121 1141 Et
3151 1089 3201 1139 in
3239 1090 3382 1140 hunc
3405 1087 3509 1139 tiro

1957 1195 2076 1232 nem
2110 1189 2284 1234 exstat
2311 1178 2369 1236 S.
2394 1179 2644 1250 Gregorii
2679 1178 2908 1251 Nysscni
2942 1180 3304 1248 pulcherrima
3329 1179 3532 1233 oratio.

1953 1269 2154 1324 Gens.

2005 1361 2142 1416 Ibid.
2161 1360 2483 1434 [Γεώργιον
2498 1362 2784 1430 ἔφιππον.
2800 1359 3152 1414 Notissimum
3171 1357 3300 1411 olim
3317 1358 3532 1415 ducem.

1952 1454 2156 1509 sanctis
2202 1470 2349 1508 nunc
2395 1455 2624 1508 tolerato
2660 1453 2922 1522 martyrio
2943 1451 3230 1520 Georgium
3276 1449 3530 1502 allectum

1951 1548 2188 1617 equitem
2225 1561 2436 1616 semper
2466 1546 2694 1616 pingunt
2725 1544 2926 1610 Graeci;
2955 1545 3099 1612 quod
3128 1544 3326 1612 saepius
3357 1543 3427 1597 sit
3454 1541 3535 1595 vi-

1950 1655 2044 1694 sus
2070 1639 2422 1709 καθαλλάρης
2451 1640 2527 1700 εἰς
2545 1639 2740 1705 ἄλογον
2775 1637 2986 1706 ἇσπρον
3011 1645 3066 1691 et
3095 1636 3423 1704 λευκοφὸρος
3444 1652 3536 1686 κα·

1951 1733 2248 1801 ϐαλλάριος
2275 1734 2352 1794 εἰς
2375 1732 2569 1798 ἄλογον
2593 1731 2823 1798 ἀσπρον.
2856 1728 3226 1783 Dan-ascenus
3250 1728 3447 1782 citatus
3481 1727 3533 1779 in

1950 1824 2256 1879 Thesauro.
2296 1823 2368 1878 De
2397 1823 2629 1888 Georgio
2663 1835 2710 1876 et
2738 1821 3025 1875 Theodoro
3057 1820 3261 1874 sanctis
3319 1819 3533 1873 Graeco.

1955 1932 2071 1970 rum
2106 1916 2528 1970 auxiliatoribus
2559 1914 2797 1975 Nicetas,
2824 1913 3086 1966 Manuelis
3106 1911 3371 1965 Comneni
3391 1910 3427 1963 l.
3453 1926 3530 1964 vr.

2022 2006 2162 2060 Ibid.
2183 2008 2236 2060 5.
2269 2005 2699 2078 [Δρακοντεῖον.
2729 2003 2865 2061 Cum
2899 2003 3097 2073 aquilis
3120 2005 3170 2056 in
3195 2005 3366 2055 aciem
3394 2002 3531 2055 inter

1953 2101 2152 2154 vexilla
2184 2100 2272 2153 lati
2306 2107 2432 2154 sunt
2466 2099 2628 2154 etiam
2674 2099 2963 2159 dracones,
3028 2097 3261 2150 maxime
3315 2095 3532 2148 labente

1953 2189 2206 2260 imperio.
2243 2191 2406 2246 Docet
2441 2190 2794 2258 Dempsterns
2823 2189 2888 2243 ad
2918 2187 3076 2241 Rom.
3101 2188 3273 2256 autiq.
3300 2187 3528 2240 calcem.

1956 2282 2030 2338 De
2063 2284 2262 2352 quibus
2291 2282 2486 2337 Suidas
2513 2298 2564 2334 v.
2599 2282 2810 2350 Σημεῖα
2855 2299 2869 2335 :
2909 2279 2941 2333 ἃ
2967 2281 3227 2347 φέρουσιν
3256 2281 3310 2330 ἐν
3332 2277 3409 2346 τῷ
3435 2296 3528 2330 πως

1954 2378 2103 2448 λέμῳ
2133 2377 2430 2446 ὑφάσματά
2453 2378 2560 2428 εἰσι
2598 2377 2742 2446 βαφῇ
2765 2375 3184 2440 πεποικιλμένα,
3214 2371 3248 2424 ἃ.
3269 2374 3348 2434 εἰς
3384 2371 3528 2424 ἰδέαι

1956 2474 2190 2542 μάλιστα
2229 2473 2406 2541 ὄφεων
2442 2471 2717 2534 εἴκασται,
2784 2471 2878 2523 καὶ
2914 2469 3277 2539 ἀπῃώρηνται
3323 2465 3529 2518 κοντῶν

1955 2563 2310 2632 συμμέτρων.
2351 2561 2717 2628 Descripserat
2753 2560 2901 2628 prius
2932 2557 3302 2619 Marceilinns,
3331 2557 3364 2610 l.
3398 2572 3486 2609 xvr
3515 2574 3524 2607 :

1952 2659 2237 2728 Purpureis
2266 2659 2360 2711 sub
2397 2657 2707 2726 tegminibus
2736 2657 2861 2708 terti
2889 2654 3280 2707 circumdedere
3337 2651 3527 2704 draco-

1948 2770 2062 2813 nes,
2096 2753 2370 2804 hastarum
2405 2751 2579 2802 aureis
2605 2749 2952 2818 gemmeisque
2986 2746 3380 2799 summitatibus
3423 2745 3532 2796 illi"

1950 2847 2086 2915 gati,
2112 2845 2262 2897 hiatu
2291 2853 2437 2896 vasto
2475 2843 2781 2912 pcrﬂatiles,
2815 2851 2862 2894 et
2895 2839 3028 2893 relut
3051 2841 3132 2892 ira
3167 2837 3352 2907 perciti
3400 2837 3529 2889 sibi-

1951 2939 2140 2996 lantes.
2163 2936 2559 3005 caudarumque
2578 2934 2840 2988 volumina
2863 2933 3213 3003 relinquentes
3231 2933 3527 2984 inventum.

1950 3030 2151 3101 Go.tn.]

2021 3123 2116 3178 llis
2149 3123 2512 3191 imperatoriis
2540 3121 2775 3175 llamulis
2809 3135 2902 3174 seu
2939 3121 3150 3174 vexillis
3181 3130 3401 3188 propter
3432 3134 3525 3170 co-

1949 3215 2253 3284 gnationem
2284 3213 2544 3274 nominis,
2570 3213 2706 3264 adde
2727 3211 2985 3265 vexillum
3016 3209 3072 3262 Ξ.
3109 3210 3372 3279 Dionysii,
3404 3209 3530 3262 Gal-

1952 3307 2057 3361 lice
2089 3307 2389 3374 ori/tamine
2414 3305 2642 3367 dictum,
2688 3303 2832 3372 quod
2889 3318 3045 3372 ri-gcs
3102 3301 3288 3354 Gallia:
3317 3315 3528 3355 summa

1945 3399 2204 3467 religione
2236 3412 2417 3451 secum
2446 3396 2496 3448 in
2542 3394 2917 3463 expeditiones
2973 3394 3294 3456 educebant,
3328 3393 3392 3445 de
3425 3409 3530 3456 quo

1950 3489 2073 3543 vide
2098 3499 2248 3558 gesta
2275 3487 2537 3541 Ludovici
2579 3485 2914 3539 Francorum
2947 3484 3091 3552 regis
3127 3483 3220 3536 fol.
3259 3483 3382 3544 l58,
3410 3485 3525 3543 Ibi,

1943 3591 1996 3639 et
2020 3582 2318 3653 Rigordum
2350 3583 2416 3636 de
2443 3581 2613 3651 gestis
2636 3579 2868 3647 Philippi
2892 3579 3118 3647 Augusti
3145 3578 3286 3646 regis
3311 3576 3403 3632 fol.
3427 3577 3527 3631 18'

1943 3676 2028 3730 ed.
2065 3675 2285 3730 Pithoei.

2014 3765 2132 3822 Non
2165 3785 2380 3838 possum
2409 3769 2509 3821 hoc
2538 3767 2656 3821 loco
2682 3767 2880 3820 tacitus
2918 3765 3197 3833 pra-terire
3236 3763 3522 3831 Nicephori

1944 3861 2197 3931 Grcgora:
2227 3863 2261 3915 l.
2295 3879 2364 3916 vn
2399 3861 2683 3915 sinistrum
2716 3870 2768 3913 et
2808 3859 3079 3927 ahjectnm
3142 3858 3402 3924 judicium
3463 3858 3526 3908 d-

1945 3954 2351 4007 marchionihus
2383 3952 2611 4017 Latinis,
2638 3967 2775 4021 quos
2807 3952 2882 4003 ait
2918 3967 3022 4002 non
3045 3966 3153 4002 esse
3176 3949 3346 4000 claros
3386 3949 3525 4015 apud

1944 4043 2182 4109 Latinos,
2215 4048 2304 4099 sed
2339 4061 2455 4098 eum
2482 4045 2756 4114 dignitatis
2785 4045 3190 4111 gradumteuere
3215 4055 3364 4108 quem
3388 4045 3526 4105 apud

1946 4136 2223 4192 Romanos
2249 4138 2606 4208 (Cptilitanos)
2638 4139 2808 4190 teneto
2843 4135 2940 4204 τὴν
2975 4135 3255 4203 βασιλικὴν
3287 4133 3527 4198 σημαίαν

1945 4232 2003 4282 ὲν
2039 4230 2416 4297 στρατεύμασι
2452 4231 2717 4294 κατέχων,
2742 4238 2791 4280 et
2822 4226 3118 4279 marchioni
3150 4234 3396 4289 perpetuo
3432 4223 3526 4274 hoc

1944 4321 2257 4372 attributum
2289 4336 2399 4372 esse
2431 4328 2486 4371 ut
2515 4316 3223 4384 uovoimpcratcrivexillum
3249 4313 3521 4380 pru'ferut.

1949 4412 2168 4467 Scilicet
2204 4413 2449 4465 marchio
2516 4409 2927 4470 Montislerrati,
2982 4407 3210 4468 Misnitl',
3275 4405 3522 4458 Bandu-

1947 4503 2201 4573 burgicus
2229 4516 2281 4556 et
2307 4505 2511 4558 similes
2535 4519 2636 4571 apu
2662 4504 2672 4554 l
2701 4503 2922 4554 Latinos
2981 4499 3202 4563 majoris
3247 4498 3524 4563 dignitatis

1941 4610 2046 4647 non
2081 4607 2420 4664 erantquam
2458 4597 2826 4662 lampadarins
2858 4605 2949 4646 aut
3011 4597 3054 4644 is
3115 4590 3205 4659 qui
3266 4590 3520 4641 diveliuin

1939 4697 2032 4740 aut
2059 4686 2335 4741 llammula
2361 4688 2711 4756 imperatoria
2753 4685 2892 4754 apud
2930 4683 3154 4738 Grmcos
3209 4681 3521 4750 imperatori

1938 4781 2302 4848 praeportabat
2333 4800 2345 4844 ;
2375 4796 2472 4834 nec
2503 4779 2847 4833 marchioues
2877 4793 2995 4840 seu,
3027 4786 3084 4830 ut
3115 4774 3282 4830 Graeci
3340 4773 3524 4842 appoi—

1938 4871 2072 4935 lant,
2103 4873 2346 4925 marcesii
2373 4887 2569 4925 nomen
2629 4871 2730 4923 hoc
2774 4871 2971 4923 habent
3003 4883 3029 4920 a
3057 4866 3246 4920 vexilla
3277 4882 3371 4920 seu
3398 4867 3524 4916 bau'

1939 4964 2030 5028 do,
2058 4963 2150 5018 sed
2190 4964 2508 5017 alimitibus
2567 4961 2804 5015 tuendis.
2851 4959 3009 5013 Mart:
3063 4960 3205 5013 enim
3239 4958 3525 5012 Germanis

1939 5058 2098 5112 limes
2136 5068 2238 5112 est.
2273 5056 2405 5110 Nam
2439 5057 2638 5110 finibus
2677 5054 3030 5109 defendendis
3067 5051 3308 5122 praefecti
3340 5061 3516 5111 erant,

1941 5151 2033 5219 qui
2065 5149 2325 5218 temporis
2351 5163 2638 5217 progressu
2669 5147 2733 5200 ad
2769 5146 3138 5214 ainpliSsimas
3175 5159 3304 5210 epes
3366 5143 3521 5196 latis-

1943 5245 2220 5312 simosque
2250 5243 2589 5311 principatus
2623 5249 2962 5294 emerserunt
2995 5257 3007 5293 :
3045 5238 3226 5306 qualis
3279 5237 3424 5290 enim
3469 5245 3523 5288 et.

1944 5349 2104 5404 quam
2139 5343 2330 5401 potens
2355 5332 2598 5385 marchio
2631 5331 3124 5399 Brandeburgicus,
3158 5328 3402 5381 marchio
3421 5326 3515 5378 [la-

1946 5426 2148 5485 densis,
2188 5425 2427 5478 marchio
2461 5423 2886 5491 Onspachensis,
2937 5421 3182 5474 marchio
3248 5419 3519 5479 Moraviar,

1949 5517 2193 5570 marchio
2231 5516 2596 5585 Burgoicnsct
2621 5515 2758 5569 alii?
2797 5517 2911 5581 ipse
2949 5515 3109 5567 etiam
3145 5511 3520 5566 NicetasGho-

1949 5610 2142 5670 niates,
2173 5609 2207 5662 Ι.
2245 5625 2314 5660 vn
2355 5610 2416 5661 de
2453 5609 2614 5660 rebus
2651 5610 2813 5674 gestis
2846 5607 3006 5676 287
3069 5605 3329 5658 Manuclis
3385 5619 3521 5654 mar-

1949 5703 2106 5756 chesii
2135 5701 2519 5754 Montisl‘cn'ati
2558 5701 2893 5754 nobilitatem
2921 5712 2973 5752 et
2995 5698 3291 5765 potentiam
3318 5712 3519 5765 agnos-

1953 5814 2072 5852 cere
2104 5808 2156 5849 (ξι
2182 5799 2474 5864 ιιι·;ρ.ὶιρ;ιι⁸ιτ
2503 5809 2726 5848 t‘tizlt'ltts‘
2757 5805 2856 5847 t'sl.
2889 5793 3094 5847 CN’TS.

2025 5887 2165 5940 Ibid.
2203 5889 2304 5943 :i't't
2336 5886 2451 5937 τών
2485 5884 2817 5940 denseri";
2859 5885 2954 5935 «vti
3016 5882 3128 5936 ίώι·
3185 5885 3516 5952 (ὶίριίώκῖρν.
