4252 6444
710 393 813 459 319

1776 399 1856 461 ΙΝ
1898 401 2196 463 LIBRUM
2243 400 2338 460 DE
2395 398 2723 459 OFFICIIS
2776 398 2885 458 (ΣΡ.

3844 385 3948 453 320

711 501 779 554 Iis
807 507 1019 559 saeculis
1051 507 1164 561 hac
1203 508 1405 577 scripta
1435 511 1637 580 quibus
1672 528 1780 567 non
1810 516 1971 570 modo
2004 532 2159 586 reges
2220 526 2272 571 et
2302 519 2345 576 A

2387 516 2433 565 tv
2474 514 2652 584 χάρτῃ
2681 512 2779 582 τὴν
2803 508 3056 573 σύνταξιν
3082 507 3189 560 τῶν
3211 504 3461 574 ἐραστῶν
3491 501 3584 556 τοῦ
3614 499 3951 569 χλοάζοντος

708 598 1002 667 principes,
1034 598 1128 652 sed
1172 610 1225 653 ct
1256 601 1551 657 nobiliores
1584 605 1795 673 equites
1828 607 2058 675 alicujus
2092 610 2273 663 vexilli

709 688 825 742 sive
881 689 1041 743 bandi
1096 689 1375 746 deferendi
1431 695 1689 749 honorem
1744 697 2074 753 ambiebant.
2134 700 2272 755 Hinc

708 780 972 834 nobilium
1020 779 1354 839 Francorum
1411 787 1603 854 equites
1656 787 1942 859 bandiferi,
1994 791 2271 849 chevaliers

708 875 1002 928 bannerets.
1037 874 1146 930 Leo
1205 876 1552 931 Taeticorum
1614 889 1789 935 const.
1856 882 1929 936 5:
1980 884 2273 954 Φλάμουλα

711 964 944 1030 μεγάλα,
975 966 1379 1035 φλαμουλὶσκια
1407 969 1514 1023 τῶν
1548 973 1872 1042 κονταρίων,
1938 975 2108 1043 βάνδα
2151 977 2270 1030 διαο

707 1054 889 1123 φόρως
920 1055 1265 1136 βεδαμμένα.
1325 1059 1642 1118 llabuerunt
1675 1066 1888 1134 equites
1949 1069 2183 1137 gregarii
2218 1070 2269 1123 in

706 1149 880 1202 contis
912 1147 1151 1224 llamula.
1197 1150 1304 1207 Leo
1353 1154 1492 1208 idem
1526 1159 1786 1226 xovripta
1832 1161 2005 1229 μικρά
2062 1162 2269 1214 καόαλ-

705 1239 928 1307 λαρικά,
957 1238 1151 1309 έχοντα
1184 1244 1371 1311 λουρία
1398 1246 1535 1301 κατὰ
1562 1246 1726 1312 μέσον
1759 1249 1898 1317 μετά
1921 1252 2270 1319 φλαμούλων.

707 1328 879 1383 Etiam
919 1333 972 1385 in
1028 1334 1270 1387 humeris
1307 1335 1516 1389 minora
1569 1338 1672 1391 sibi
1726 1339 1963 1407 ﬁgebant
2010 1341 2269 1397 damula:

704 1422 993 1490 Φλάμου).α
1072 1424 1248 1494 μικρὰ
1318 1427 1502 1480 ἐπάνω
1570 1430 1676 1482 τῶν
1726 1430 1910 1493 ζαὸὦν
1963 1436 2103 1487 κατά
2160 1437 2272 1489 τῶν

705 1529 887 1579 ωμων.

777 1603 917 1657 Ibid.
980 1606 1252 1678 17.[ΐῶν
1305 1609 1647 1678 δημάρχων.
1698 1615 2110 1685 Aurigantium,
2178 1621 2271 1688 qui

708 1696 980 1759 quondam
1013 1697 1154 1750 ludis
1185 1699 1525 1756 circensibus
1571 1701 1756 1760 Romae
1798 1708 2029 1775 palmam
2063 1726 2273 1779 quaere-

706 1786 860 1850 bant,
912 1784 1175 1842 factiones
1208 1789 1322 1843 sive
1355 1801 1540 1859 partes
1595 1795 1750 1850 fuere
1795 1808 2055 1866 quatuor,
2093 1817 2214 1870 qua
2247 1817 2275 1856 a

708 1877 981 1981 coloribus
1009 1879 1217 1946 viridis,
1252 1885 1487 1951 caerulei,
1527 1887 1676 1940 rubri
1708 1887 1923 1958 albiqne
1956 1892 2145 1959 panni,
2168 1910 2276 1963 quo
2303 1919 2351 1981 Β

709 1971 1071 2033 donabantur,
1106 1975 1325 2028 nomina
1353 1988 1681 2047 acceperunt
1736 1980 1993 2047 Prasinaa,
2038 1982 2275 2050 Venetm,

708 2058 944 2126 Rasum,
969 2064 1194 2131 Albane,
1224 2066 1290 2121 de
1316 2070 1515 2137 quibus
1543 2071 1861 2141 Suetonius,
1885 2075 2280 2143 MartialisJu-

711 2153 914 2205 venalis
946 2157 1265 2220 meminere,
1321 2168 1374 2212 et
1411 2163 2103 2221 omnium'distinctissime
2136 2165 2278 2220 Ter-

709 2244 968 2299 tullianns
1004 2246 1254 2325 Latinus,
1285 2259 1339 2306 et
1370 2253 1419 2304 in
1452 2252 1775 2322 Anthologia
1801 2255 2114 2311 Graecorum
2148 2257 2278 2327 Epi-

707 2346 1075 2399 grammatum
1103 2341 1167 2394 ad
1194 2341 1230 2395 Ι.
1258 2358 1287 2394 v
1318 2344 1519 2397 calcem
1551 2360 1690 2415 pene
1711 2358 2011 2401 extremam
2038 2349 2276 2405 Thomas

708 2428 980 2482 Patricius
1011 2432 1232 2487 Graccus
1262 2434 1621 2506 descripsere.
1652 2438 1788 2492 Cum
1819 2440 2158 2495 Circensium
2196 2443 2277 2496 lu-

709 2518 899 2571 dorum
930 2521 1112 2575 studio
1137 2525 1419 2591 exercitia,
1455 2528 1701 2593 nomina,
1733 2531 1947 2585 colores
1972 2530 2274 2586 factionum

710 2609 880 2664 Roma
923 2610 1135 2680 Cpolim
1186 2617 1655 2685 commigrarunt;
1692 2633 1744 2675 et
1773 2637 1836 2675 ex
1890 2623 2278 2677 dimicantibus

710 2701 760 2753 in
794 2701 952 2757 Circo
987 2703 1317 2762 factionibus
1348 2709 1579 2777 populus
1615 2726 1835 2781 quoque
1883 2720 2028 2767 totus
2073 2713 2279 2768 divisus

711 2790 759 2843 in
790 2801 993 2860 partes,
1026 2810 1146 2865 qua
1170 2813 1228 2852 se
1258 2800 1586 2871 quandoque
1618 2804 1820 2859 mutuis
1847 2806 2108 2871 caedibus,
2137 2805 2280 2872 rapi-

711 2884 814 2943 nis.
844 2884 1059 2952 injuriis
1092 2902 1500 2958 consumpsere.
1532 2890 1915 2961 Theophanes,
1955 2894 2276 2959 Simocatta,

712 2976 1012 3043 Cedrenus;
1048 2977 1290 3035 Zonaras
1319 2992 1371 3036 et
1396 2983 1487 3037 alii
1521 2985 1845 3041 tumultibus
1876 2987 1984 3043 illis
2038 2996 2093 3042 et
2134 2987 2279 3042 sedi-

712 3067 953 3121 tionibus
974 3068 1087 3136 jam
1128 3084 1157 3123 a
1198 3068 1435 3127 Zenonis
1497 3075 1835 3144 temporibus
1878 3090 1973 3144 per
2028 3076 2275 3145 quaedam

712 3158 967 3227 deinceps
998 3161 1197 3216 saecula
1226 3163 1564 3220 continuatis
1583 3168 1786 3237 scripta
1812 3183 1912 3224 sua
1943 3185 2276 3239 respersere.

2381 604 2675 676 ἐνεχάραξε
2699 603 3010 675 χρώματος,
3040 600 3429 659 πεντακοσίους
3457 596 3591 664 πρὸς
3617 594 3732 656 τοὶς
3755 593 3953 663 χιλίοις

2372 699 2762 767 τυγχάνοντας,
2796 696 2824 746 ό
2846 694 2903 747 δι
2952 692 3181 759 Κοσμᾶς
3205 690 3332 749 τοὺς
3361 688 3460 756 τῆς
3496 686 3780 741 ἀντιθέτου
3796 685 3953 753 αἱ.ρὲ-

2375 805 2510 852 σεως
2545 787 2909 849 ἑκατοντάδας
2946 786 3109 838 ἐννέα
3142 784 3474 849 συντέταχεν
3496 796 3509 810 ·
3560 780 3642 841 εἱς
3678 778 3772 829 δύο
3840 778 3950 843 γὰρ

2374 879 2680 949 χρωμάτων
2703 878 2925 953 ιφέσεις
2946 877 3013 929 τὰ
3029 875 3141 928 τῶν
3175 874 3469 942 Ῥωμαίων
3534 871 3754 923 καταπέ
3765 885 3948 921 πτωκε

2374 972 2574 1043 πλήθη.
2611 971 2854 1026 Zonaras
2884 970 2940 1023 in
2992 966 3216 1024 Phoea:
3256 966 3316 1019 '0
3338 966 3535 1027 Φωκᾶς
3561 964 3661 1031 τὴν
3710 964 3951 1029 γυναῖκα

2374 1064 2634 1118 Λεοντίαν
2654 1061 2976 1131 Δύγοῦσταν
3013 1061 3178 1123 εὐθὺς
3231 1056 3575 1126 ἀνηγόρευσε
3627 1054 3735 1107 τῶν
3762 1055 3952 1121 δήμων

2373 1159 2680 1228 παρόντων.
2715 1158 2853 1211 Τότε
2884 1156 2973 1210 διὰ
3002 1156 3187 1208 τόπων
3220 1154 3279 1206 έν
3308 1149 3390 1215 οἷς
3444 1151 3663 1203 ἱσταντο
3709 1146 3953 1214 ἀμφιδο-

2374 1250 2491 1313 λίας
2546 1250 2851 1320 γενομένης
2901 1251 3012 1310 τοῖς
3049 1247 3349 1316 Πρασίνοις
3390 1244 3485 1296 καὶ
3524 1242 3637 1303 τοῖς
3700 1241 3953 1299 Βενέτοις

2377 1340 2691 1403 στασιάζειν
2717 1338 2954 1409 ἧρξαντο
2982 1338 3103 1389 κατ’
3129 1334 3403 1405 ἀλλήλων.
3435 1332 3665 1400 Πέμψας
3705 1330 3765 1382 δέ
3797 1345 3950 1389 τινας

2377 1434 2404 1484 ὁ
2456 1433 2659 1493 Φωκᾶς
2673 1431 3114 1491 κατασκευάζειν
3140 1429 3324 1489 αὐτοῖς
3363 1427 3462 1494 τὴν
3511 1425 3701 1476 στάσιν
3736 1421 3953 1487 ἐπεχείο

2378 1541 2482 1593 ρει.
2524 1522 2676 1586 Ἐνὸς
2706 1519 2799 1575 οὖν
2827 1523 2937 1574 τῶν
2995 1521 3299 1573 σταλέντων
3349 1518 3441 1569 τὸν
3492 1516 3602 1567 τῶν
3662 1512 3950 1581 Πρασίνιυν

2378 1615 2703 1686 ὑϐρίσαντος
2760 1615 3043 1684 δήμαρχον
3104 1614 3200 1665 καὶ
3240 1610 3435 1663 τοῦτον
3483 1607 3823 1673 ὼθήσαντος,
3877 1601 3953 1669 μὴ

2377 1710 2692 1776 ἐνεγκόντες
2716 1708 2771 1779 οἱ,
2789 1705 2883 1758 τοῦ
2936 1708 3113 1775 δήμου
3167 1704 3324 1756 τοῦτο
3354 1702 3607 1769 ἔκραζον.
3642 1700 3701 1751 Et
3757 1698 3901 1751 infra
3933 1714 3947 1750 :

2390 1794 2640 1847 Ἱππικὸν
2696 1794 2883 1861 ἀγῶνα
2948 1796 3097 1858 ἄγων
3170 1793 3358 1863 288,
3392 1791 3653 1844 ἐθεάσατο
3701 1788 3797 1839 σὺν
3830 1789 3952 1847 ταῖς

2378 1886 2543 1938 αὐτοῦ
2576 1887 2746 1939 εἱκόσι
2773 1886 2870 1939 καὶ
2896 1886 2988 1938 τοῦ
3026 1886 3267 1957 Πρίσκου
3300 1886 3392 1935 καὶ
3420 1884 3517 1951 τῆς
3561 1880 3727 1934 αὑτοῦ
3758 1897 3954 1946 γυναι-

2377 1976 2470 2039 κὸς
2503 1976 2797 2042 Δομεντίας
2829 1977 3131 2046 ἱσταμένας
3188 1977 3427 2037 εἰκόνας,
3460 1975 3553 2027 καὶ
3576 1972 3840 2041 ἐκμανεὶς
3865 1985 3957 2037 γε·

2384 2062 2559 2129 γονὼς
2588 2065 2976 2136 ἀποτμηθῆναι
3016 2068 3143 2129 τοὺς
3162 2067 3478 2135 δημάρχους
3508 2065 3764 2117 ἐκέλευσε
3785 2077 3797 2090 ·
3834 2061 3958 2127 δεη-

2379 2154 2583 2210 θέντων
2611 2158 2666 2211 δὲ
2700 2159 2807 2211 τῶν
2830 2160 3017 2228 δήμων
3046 2160 3199 2227 μόλις
3239 2143 3451 2227 ἀφῆκεν
3484 2153 3700 2216 αὐτούς.
3736 2152 3957 2207 Venetae

2379 2258 2558 2301 autem
2615 2249 2755 2319 parti
2821 2250 2996 2319 magis
3065 2249 3268 2303 favisse
3321 2248 3683 2316 imperatores
3740 2258 3958 2310 semper

2377 2348 2505 2394 sunt
2538 2342 2661 2407 visi,
2707 2341 3023 2410 eisdemque
3080 2339 3369 2394 Prasinam
3430 2338 3616 2392 minus
3676 2335 3955 2389 aﬂeetam.

2378 2426 2680 2497 Theophila
2709 2444 2828 2483 eam
2863 2430 2933 2483 ob
2970 2443 3082 2482 rem
3121 2428 3174 2482 in
3236 2428 3515 2481 theatrum
3551 2424 3788 2479 venienti
3831 2436 3959 2477 suc-

2378 2520 2646 2575 clamabat
2674 2522 2762 2575 illa
2793 2520 2934 2590 apud
2968 2518 3208 2575 Leonem
3244 2517 3723 2575 Grammatieum:
3758 2514 3957 2579 Καλῶς

2374 2608 2561 2683 ἦλθες,
2623 2613 2921 2683 ἀσύγκριτε
2978 2612 3319 2683 φακτονάρη.
3354 2611 3558 2665 Horum
3600 2606 3669 2664 ne
3710 2609 3960 2675 reliquiae

2378 2704 2597 2773 quidem
2632 2707 2846 2761 ultimis
2902 2705 3274 2762 saculis'lieet
3338 2701 3724 2768 remanserint,
3786 2701 3960 2755 duces

2381 2806 2583 2860 tamen,
2618 2798 2700 2851 vel
2732 2798 2913 2867 quivis
2967 2797 3058 2851 alii
3100 2798 3153 2851 in
3181 2811 3373 2851 eorum
3430 2796 3610 2850 locum
3645 2794 3956 2863 subrogati,

2378 2888 2693 2955 imperatori
2742 2891 2795 2943 in
2848 2890 3128 2960 publicum
3181 2887 3495 2959 procedenti
3563 2900 3688 2939 cum
3744 2885 3961 2937 vexillis

2379 2989 2631 3049 poterant
2659 2990 2839 3038 astare
2869 3001 2883 3049 ;
2923 2983 3197 3052 iidemque
3246 2978 3504 3050 suntqui
3566 2977 3829 3047 populum
3866 2992 3964 3045 per

2379 3074 2762 3140 contubernia,
2808 3075 3004 3142 tribus,
3060 3075 3310 3143 regiones
3349 3081 3404 3127 et
3458 3070 3687 3139 collegia
3721 3069 3960 3123 divisum

2380 3168 2661 3238 regebant,
2693 3181 2833 3236 quos
2864 3167 3276 3234 πρωτοπολὶτας
3301 3179 3331 3220 a
3359 3163 3693 3234 Theophane
3723 3164 3965 3231 scriptos

712 3251 973 3306 Consulet
1004 3255 1097 3323 qui
1124 3256 1399 3312 curiosius
1424 3265 1478 3312 et
1509 3258 1758 3315 diffusius
1791 3262 1906 3317 hac
1937 3263 2082 3317 volet
2107 3263 2279 3334 expli-
2304 3248 2351 3313 Ο
2382 3258 2724 3315 observabis.
2757 3256 2956 3334 σωκ]

712 3351 851 3397 cata.
904 3343 1112 3401 Unicus
1173 3346 1462 3404 Balsamon
1521 3350 1871 3422 longissimos
1925 3354 2279 3410 historiarum

712 3442 915 3491 tractus
942 3439 1128 3506 paucis
1154 3442 1470 3511 perstringit
1490 3441 1542 3496 in
1562 3443 1632 3497 24
1657 3458 1920 3501 canonem
1940 3445 2281 3501 Trullanutn.

712 3530 847 3583 Τότε
881 3530 982 3598 μὲν
1012 3530 1145 3601 γὰρ,
1178 3534 1377 3603 inquit,
1407 3536 1515 3588 τῶν
1540 3536 1729 3605 δήμων
1755 3539 2285 3605 κατεξουσιαςόντων

714 3623 773 3672 έν
802 3626 919 3684 ταῖς
962 3623 1375 3693 ἱπποδρομίαις,
1431 3631 1524 3681 καὶ
1566 3630 1865 3684 ποιούντων
1921 3631 2143 3694 ταύτας,
2194 3634 2284 3685 ὅτε

719 3718 815 3769 καὶ
872 3717 1020 3777 ὅπως
1085 3716 1400 3785 ἠϐούλοντο,
1451 3719 1513 3771 ἑκ
1565 3720 1973 3790 δαπανημάτων
2030 3725 2281 3787 οἰκείων,

714 3805 789 3861 ὡς
842 3806 938 3857 καὶ
987 3807 1216 3876 ἑχόντων
1272 3809 1453 3874 οἴκους
1502 3812 1597 3863 καὶ
1661 3813 1912 3877 ἱππῶνας
1957 3814 2052 3868 καὶ
2115 3816 2284 3885 μέχρι

717 3899 811 3950 καὶ
842 3897 936 3949 νῦν
976 3898 1454 3969 περισωζομένους
1492 3904 1592 3957 καὶ
1623 3904 1924 3971 προσόδους
1954 3906 2115 3976 χάριν
2176 3908 2283 3960 τῶν

719 3989 1112 4057 ἱπποδρομιῶν,
1174 3992 1269 4042 καὶ¹
1325 3992 1419 4045 τοῦ
1478 3994 1746 4061 βασιλέως
1797 3997 2282 4067 προσκαλουμένου

715 4083 809 4132 καὶ
844 4083 923 4142 εἰς
947 4080 1105 4134 τοῦτο
1156 4082 1230 4151 μὴ
1298 4082 1732 4150 ἐξουσιάζοντος,
1788 4087 1962 4141 πολλὰ
2013 4090 2283 4159 στασιώδη

717 4174 811 4227 καὶ
837 4176 1012 4228 ἄτοπα
1044 4176 1379 4229 συνέπιπτον
1417 4177 1669 4245 γίνεσθαι
1694 4183 1836 4233 κατά
1858 4182 1952 4234 τὸν
1984 4179 2086 4251 τῆς
2120 4184 2285 4235 ἱππο-

715 4266 944 4335 δρομίας
975 4268 1189 4337 καιρὸν,
1222 4267 1334 4319 τῶν
1367 4270 1466 4335 μιν
1494 4270 1949 4340 προστιθεμένων
1977 4272 2054 4339 τῷ
2121 4273 2283 4341 δήμῳ

715 4358 825 4410 τῶν
856 4358 1118 4422 Βενέτων,
1148 4360 1259 4412 τῶν
1290 4359 1347 4411 δὲ
1387 4359 1461 4429 τῷ
1499 4363 1655 4427 μέρει
1683 4362 1790 4415 τῶν
1843 4364 2150 4431 Πρασίνων.
2193 4365 2285 4419 Ἐν

718 4452 926 4518 καιροῖς
956 4451 1009 4501 δέ
1027 4468 1139 4503 τισι
1164 4452 1256 4503 καὶ
1291 4454 1515 4520 πόλεμοι
1556 4456 2047 4524 συνεκροτήθησαν
2105 4456 2283 4525 έμφό-

718 4542 821 4594 λιοι
853 4545 1014 4611 μέσον
1039 4543 1332 4596 ἀντιθέτων
1363 4546 1568 4615 μερῶν,
1595 4548 1689 4599 καὶ
1712 4547 1853 4598 κατά
1877 4546 1978 4615 τῆς
2010 4546 2284 4615 βασιλείου

719 4633 1007 4703 περιωπῆς
1035 4635 1226 4703 ἀναιδῆ
1261 4638 1481 4705 ῥήματα
1527 4639 1573 4690 οἱ
1609 4638 1843 4707 δημόται
1871 4636 2280 4708 ἀπηρεύξαντο,

722 4723 905 4787 καθὼς
929 4725 1036 4776 ἀπὸ
1077 4725 1354 4795 διαφόρων
1412 4728 1682 4795 χρηνικῶν
1730 4726 1886 4780 τοῦτο
1935 4731 2286 4797 παρίσταται.

723 4812 962 4868 l’artium
997 4815 1213 4869 illarum
1252 4817 1394 4887 (quae
1418 4818 1580 4887 δῆμοι
1603 4827 1653 4873 et
1671 4818 1926 4886 δημόται,
1954 4827 2012 4873 ut
2044 4819 2154 4887 jam
2206 4818 2288 4873 le-

722 4906 902 4974 gimus
932 4915 983 4960 et
1011 4907 1258 4961 scribunt
1290 4908 1647 4979 TheOphanes
1679 4919 1735 4964 et
1762 4910 2063 4974 Cedrenus,
2089 4925 2291 4964 vocan-

724 4999 833 5065 tur)
872 5000 1127 5063 partium,
1158 5001 1400 5070 inquam,
1437 5002 1614 5071 capita
1660 5003 1895 5057 ducesve
1922 5004 2193 5073 δήμαρχοι
2238 5016 2291 5058 et

722 5091 998 5161 δημάρχάι
1041 5096 1199 5162 quasi
1254 5095 1363 5147 τῶν
1431 5096 1621 5163 δήμων
1678 5096 1937 5165 ἄρχοντες
1974 5096 2288 5160 audiebant,

722 5186 1123 5257 popularesque
1151 5188 1254 5241 sibi
1278 5188 1524 5242 subditos
1553 5188 1633 5241 vel
1662 5187 1887 5242 allectos
1912 5189 2289 5253 recensebant,

724 5276 809 5330 vel
870 5278 1031 5331 etiam
1083 5280 1413 5348 quandoque
1467 5278 1533 5332 ad
1571 5292 1664 5331 eos
1716 5279 1809 5346 qui
1868 5293 1962 5346 per
2006 5266 2290 5334 'eivitatem

722 5370 1045 5425 oriebantur
1077 5373 1347 5427 tumultus
1388 5381 1444 5425 et
1490 5370 1790 5426 seditiones
1844 5371 2139 5425 ducebant.
2207 5372 2293 5424 Si-

722 5471 959 5517 moeatta
1020 5479 1138 5528 vin,
1200 5465 1274 5519 7:
1327 5465 1469 5528 Τοὺς
1526 5464 1882 5533 δημάρχουςό
1937 5463 2295 5534 αὐτοκράτωρ

723 5556 1181 5625 εἰσκαλεσάμενος
1208 5557 1289 5619 εἱς
1344 5558 1410 5608 τὰ
1437 5555 1707 5625 βασίλεια,
1740 5554 1832 5617 οὒς
1881 5554 2157 5622 διοικητὰς
2189 5553 2297 5605 τῶν

722 5647 912 5714 δήμων
972 5649 1128 5701 εῐωοε
1181 5648 1244 5702 τὸ
1300 5648 1504 5718 πλῆθος
1561 5631 1859 5701 ἀποκαλεῖν
1917 5646 2183 5717 (ὀνόματα
2242 5646 2299 5697 δὲ

726 5739 935 5802 τούτοις
966 5739 1191 5811 Σέργιος
1223 5742 1315 5794 καὶ
1350 5741 1599 5808 Κοσμᾶ-)
1630 5738 1961 5791 επυνθάνετο
1986 5738 2093 5787 τῶν
2126 5736 2299 5803 δημο-

726 5833 990 5885 τευόντων
1016 5833 1111 5885 ἐπὶ
1132 5831 1328 5885 λεπτοῦ
1356 5831 1719 5901 τδνηάριθμόν.
1758 5830 1815 5881 Ὀ
1840 5829 1938 5899 μὲν
1964 5824 2055 5881 οὖν
2078 5827 2300 5896 Σέργιος

2456 3351 2515 3405 Ρ.
2544 3351 2634 3407 48.
2666 3350 3000 3405 Autidorum.
3034 3349 3213 3419 Inepte
3240 3349 3442 3406 Junius
3469 3358 3714 3403 mutuum
3744 3363 3960 3401 manus.

2387 3441 2532 3496 Nihil
2563 3444 2761 3498 melius
2790 3459 2953 3512 quam
2986 3443 3163 3512 ipsum
3192 3443 3443 3498 Graecum
3474 3457 3669 3497 nomen
3700 3442 3982 3507 retinere.,

2388 3534 2517 3589 Erat
2542 3537 2697 3604 panis
2727 3552 2793 3591 ex
2824 3551 2933 3604 quo
2956 3550 3056 3603 pro
3082 3536 3427 3590 Eucharistia
3458 3534 3805 3589 conﬁcienda
3840 3547 3966 3602 pars

2386 3626 2624 3690 desecta,
2650 3628 2851 3697 quique
2876 3639 3002 3685 ante
3028 3628 3300 3699 litnrgiam
3326 3643 3422 3697 per
3447 3627 3707 3695 templum
3729 3626 3967 3701 cireum-

2387 3718 2528 3774 latus
2559 3719 2757 3774 fuerat.
2804 3720 2854 3775 ls
2879 3721 3028 3774 finita
3068 3720 3287 3788 liturgia
3342 3720 3784 3781 distribuebatur
3822 3732 3967 3786 prae-

2384 3810 2632 3866 sentibus
2676 3792 3074 3865 benedictionis
3106 3812 3302 3879 gratia,
3357 3820 3417 3873 ut
3469 3811 3559 3880 qui
3592 3808 3969 3864 Eucharistize

2386 3901 2679 3972 participes
2710 3917 2818 3957 non
2847 3901 3101 3967 fuissent,
3154 3904 3347 3964 saltem
3401 3906 3470 3958 de
3525 3904 3628 3956 hoc
3674 3900 3967 3955 benedicta

2388 4006 2527 4063 pane
2560 3994 2970 4064 participarent.
3012 3994 3223 4049 Gutus.

2458 4083 2712 4157 [Summa
2773 4086 3084 4142 Grzncorum
3126 4102 3253 4156 erga
3299 4087 3597 4155 ἀντίδωρον
3646 4084 3970 4138 communio.

2386 4177 2469 4229 nis
2500 4180 2776 4244 vicarium,
2808 4193 3000 4247 panem
3035 4178 3411 4240 benedictum,
3463 4177 3658 4244 religio
3688 4186 3797 4240 est,
3834 4186 3894 4229 ut
3924 4174 3968 4228 si

2388 4278 2858 4323 sacramentorum
2894 4284 3001 4322 non
3034 4276 3118 4321 est
3162 4269 3463 4336 particeps,
3522 4267 3655 4321 illud
3710 4268 3966 4335 ipsemet,

2386 4360 2549 4415 etiam
2582 4361 2895 4429 imperator,
2940 4370 2999 4413 ut
3028 4361 3114 4414 hic
3142 4360 3315 4423 vides,
3346 4362 3397 4412 in
3432 4359 3665 4413 ecclesia
3696 4359 3765 4411 de
3799 4372 3969 4410 manu

2390 4454 2692 4509 sacerdotis
2723 4456 2896 4508 sacris
2927 4454 3096 4507 finitis
3125 4454 3383 4523 accipiat.
3426 4452 3500 4506 De
3526 4467 3592 4506 eo
3622 4465 3724 4506 nos
3766 4450 3824 4504 in
3858 4451 3969 4503 Eu-

2321 4577 2364 4635 D
2393 4546 2713 4616 chologicis.
2740 4543 2943 4617 Sosin]

2463 4638 2522 4692 P.
2560 4639 2649 4693 49.
2686 4638 2976 4706 Ρίυειιίοιε
3036 4637 3365 4692 Germanice
3420 4636 3711 4704 spielleute.
3749 4638 3963 4689 Gens.

2466 4726 2811 4800 [Corruptius
2839 4728 3158 4795 pronuntiat
3188 4727 3384 4795 vulgus
3428 4724 3855 4792 παιγνιδιὼτας,
3888 4725 3973 4776 lu-

2392 4834 2556 4880 sores,
2583 4818 2675 4885 qui
2705 4817 2954 4872 videlicet
2985 4817 3181 4871 ludunt
3206 4817 3445 4871 musicis
3478 4816 3895 4879 instrumentis,
3923 4826 3975 4870 et

2393 4926 2454 4966 ea
2492 4910 2572 4963 vel
2599 4910 2813 4979 pulsant
2844 4910 2924 4963 vel
2977 4908 3191 4963 inﬂant.

2466 5001 2611 5055 Ibid.
2651 5002 3097 5073 [Βυκκινάτωρες
3152 5000 3346 5056 scribit
3382 4999 3701 5054 Theodotus
3737 5000 3793 5052 in
3841 4997 3975 5055 lure

2395 5089 2509 5145 GR.
2536 5092 2829 5145 Choniates
2857 5090 3113 5161 βύκανον,
3136 5090 3228 5144 alii
3259 5089 3502 5159 βύκινον.
3531 5088 3733 5161 Goan.]

2467 5179 2601 5233 Ibid.
2640 5179 2924 5233 Surulistae
2957 5194 2987 5232 a
3037 5178 3262 5233 surullio
3323 5180 3699 5234 instrumento
3730 5179 3972 5233 musico.

2398 5274 2551 5338 Quod
2578 5290 2705 5326 num
2736 5272 2934 5327 Junius
2959 5282 3104 5327 recte
3136 5272 3188 5326 in
3229 5271 3683 5329 adnotationibus
3728 5271 3849 5327 suis
3878 5289 3977 5326 ex-

2400 5365 2582 5433 plicet,
2609 5365 2731 5433 quis
2770 5380 2867 5419 nos
2894 5372 3075 5418 certos
3102 5362 3308 5416 faciet?
3337 5363 3541 5417 (ἔπειτα.

2472 5456 2871 5529 [Symphoniaci
2894 5456 3207 5518 cornicines,
3227 5456 3449 5522 joueurs
3466 5454 3530 5508 de
3548 5466 3760 5508 comta
3788 5456 3822 5507 ἀ
3849 5460 3979 5506 bos-

2400 5549 2549 5619 quin.
2599 5547 3001 5619 Symphoniaca
3051 5547 3167 5601 sive
3200 5547 3413 5600 musica
3476 5562 3709 5609 cornua,
3771 5547 3978 5615 quibus

2403 5643 2703 5698 etiamnum
2740 5641 2903 5695 hodie
2930 5641 3123 5693 ludunt
3150 5638 3457 5693 Bervisides
3482 5639 3725 5707 religiosi
3754 5639 3995 5703 Turt::e,'

2408 5733 2703 5802 σουραύλια
2732 5742 2925 5786 vocant
2958 5730 3151 5794 Graeci,
3191 5728 3500 5785 Dervlsides
3535 5729 3794 5784 inﬂantes
3825 5731 3979 5799 ejus-

2408 5826 2550 5881 modi
2615 5826 2972 5880 instrumenta
3033 5820 3448 5889 σουραυλιστάς,
3519 5834 3672 5884 voce,
3740 5828 3801 5873 ut
3839 5818 3975 5873 m'ltl
