4252 6444
239 424 350 484 325
1321 423 1700 482 tiRli'i'SliHl
1757 423 1845 479 ΕΤ
1891 422 2123 478 ι’ἰιΜΗΙ
2177 420 2412 479 ΝΗἸΪἘ.
3396 416 3501 483 3Ξό

233 543 473 612 σταυρὸς
517 545 608 595 καὶ
639 542 867 615 νάρθηξ,
906 558 1034 596 crua:
1065 555 1112 596 et
1149 541 1339 610 ferula.
1380 545 1452 594 De
1483 543 1687 611 quibus
1726 540 1826 610 Si"
1861 555 1898 603 Α

1821 555 1898 603 ιΑ
1935 542 2223 594 nocturnus.
2267 539 2595 609 Mandyiinm
2629 555 2758 595 suos
2805 539 3010 594 natales
3068 538 3231 590 etiam
3285 539 3500 592 nemine

232 646 394 689 meon
428 633 829 690 Thessalonica:
853 639 1142 704 episcopus
1173 652 1185 688 :
1219 636 1374 688 Μετὰ
1405 636 1464 685 τὺ
1495 633 1683 686 λαϐεῖν
1712 635 1806 686 τὸν

804 654 829 689 e
853 639 1142 704 episcopus
1173 652 1185 688 :
1219 636 1374 688 Μετὰ
1405 636 1464 685 τὺ
1495 633 1683 686 λαϐεῖν
1712 635 1806 686 τὸν
1911 632 2247 685 admonente
2281 631 2483 698 prodit.

231 728 471 794 σταυρὸν
497 729 577 790 εἰς
607 730 804 798 δεῖγμα
840 729 937 796 τῆς
968 727 1270 789 εὐσεϐείας,
1311 728 1401 781 καὶ
1425 726 1522 795 τὴν
1547 727 1804 789 ἀκακίαν,

1982 724 2332 791 imperatoris
2357 723 2538 776 itidem
2565 722 2796 792 insignia
2826 736 2972 776 erant
2996 737 3261 791 purpurea
3288 717 3499 780 πέδιλα,

228 824 371 890 ὅπερ
428 821 556 892 χοῦς
594 824 710 876 ἐστι
756 824 1042 892 σημαίνων
1069 823 1128 875 τὸ
1190 821 1436 891 φθαρτὸν
1484 821 1583 887 τῆς
1633 819 1808 891 ἀρχῆς

1913 832 2036 884 qua:
2069 831 2212 868 nunc
2237 815 2397 884 293
2425 816 2616 880 calcei,
2649 831 2794 868 nunc
2826 817 3091 874 sandalia.
3125 832 3270 868 nunc
3304 829 3497 874 ocreae,

231 915 328 966 καὶ
359 914 455 984 τὴν
484 915 544 968 ἐκ
569 916 760 969 τούτου
788 915 1142 977 ταπείνωσιν,
1174 917 1271 966 καὶ
1308 914 1387 964 ἔτι
1426 913 1619 982 ῥάϐδον
1673 913 1809 980 λαμ-

1914 925 2060 963 nunc
2095 908 2331 978 crepidae
2373 919 2678 965 vertuntur.
2719 911 2782 964 lit
2834 910 3048 977 qizidem
3079 909 3281 976 ἐρυθρά
3315 909 3495 968 rubra.

231 1007 410 1074 δάνει,
433 1010 492 1061 οὐ
522 1009 743 1079 βαρεῖαν
772 1012 890 1062 τινὰ
918 1014 1010 1065 καὶ
1030 1010 1297 1079 σκληρὰν,
1321 1011 1435 1062 ἀλλ’
1460 1009 1696 1079 ἐλαφρὰν
1718 1011 1812 1061 καὶ

1913 1003 2144 1054 κόκκινα
2209 1019 2301 1056 seu
2367 1004 2688 1071 κοκκοϐαφῆ
2727 1019 2880 1055 cocco
2938 1003 3150 1057 tincta.
3209 1018 3314 1054 non
3375 1007 3496 1055 sin-.2

234 1103 484 1171 μαλακὴ-ι
507 1103 593 1154 διὰ
614 1101 672 1154 τὸ
698 1102 1042 1156 παιδευτικὸν
1068 1107 1124 1156 ἐν
1149 1107 1425 1171 πραότητι
1449 1104 1542 1156 καὶ
1568 1103 1640 1171 μὴ
1667 1102 1810 1171 ὁργί·

1915 1096 2148 1161 aquilis:
2179 1111 2300 1164 quae
2334 1104 2386 1149 et
2421 1096 2660 1163 τζοὶγγαι
2713 1112 2805 1149 seu
2864 1095 3103 1158 τζάγκαι
3155 1096 3493 1159 dicebantur,

231 1196 324 1245 λον
354 1195 449 1246 καὶ
481 1193 798 1263 φθαρτικὸν,
837 1197 972 1265 μηδὲ
1025 1194 1310 1264 συντρῖϐον
1377 1196 1471 1248 καὶ
1526 1194 1808 1262 ἀφανῖςον.

1917 1203 2088 1254 usque
2127 1191 2191 1241 ad
2244 1205 2419 1257 genua
2461 1190 2851 1257 pet’lil‘lgCIan.
2891 1189 2935 1240 si
2977 1192 3106 1242 fides
3144 1188 3412 1255 Procopio
3458 1192 3490 1240 l.

234 1287 375 1340 illud
408 1301 569 1355 porro
602 1289 822 1348 mirum.
857 1289 1097 1354 ligneum
1137 1296 1347 1340 tantum
1379 1301 1676 1355 utrumque
1705 1285 1810 1339 Cl’.

1918 1296 1974 1333 ιιι
2013 1280 2084 1334 De
2124 1281 2376 1335 aedificiis
2428 1281 2743 1334 Justin‘ani.
2797 1283 3156 1350 ’Υποδήματα
3208 1283 3370 1351 μέχρι
3417 1286 3493 1344 εἰς

235 1380 628 1446 imperatorum
659 1378 824 1432 fuisse
853 1389 1149 1446 sceptrum.
1203 1381 1275 1433 De
1329 1381 1587 1433 narthece
1617 1393 1704 1433 res
1735 1389 1814 1433 est

1916 1374 2046 1438 γόνυ
2078 1373 2334 1440 φοινικοῦ
2359 1373 2668 1442 χρώματος,
2700 1374 2734 1427 ἃ
2767 1375 2828 1442 δὴ
2883 1375 3106 1442 βασιλέα
3165 1376 3327 1442 μόνον
3364 1374 3496 1427 Ῥω-

235 1471 463 1524 indubia
495 1489 508 1522 :
551 1469 702 1524 cruci
737 1470 927 1538 ligneae
958 1471 1160 1538 efﬁgies
1197 1470 1461 1524 Manuelis
1491 1486 1612 1524 eam
1648 1485 1810 1522 manu

1920 1466 2097 1534 μαίων
2131 1483 2188 1516 τε
2228 1467 2323 1518 καὶ
2385 1468 2426 1518 ll
2467 1469 2614 1534 ρσῶν
2667 1466 2982 1520 ὑποδεῖσθαι
3019 1469 3193 1535 Θέμις.
3255 1467 3492 1521 Posteris

235 1565 508 1632 gestantis
542 1571 828 1617 attestatur
853 1564 904 1614 in
936 1562 1370 1633 Sandionysiaco
1393 1574 1446 1616 et
1476 1562 1644 1630 Regio
1673 1577 1810 1614 tns.:
1901 1557 2262 1627 'temporiints
2300 1561 2437 1612 idem
2478 1563 2654 1612 honos
2685 1563 2916 1628 principi
2969 1561 3236 1630 Bulgarim
3269 1577 3495 1615 conces-

235 1656 287 1708 in
327 1672 392 1708 eo
427 1654 702 1723 siquidem
741 1655 921 1708 crucis
959 1657 1103 1723 virga
1137 1656 1332 1708 Citrino
1390 1664 1600 1709 tantum
1633 1657 1815 1710 colore
1920 1668 2033 1716 sus,
2075 1653 2213 1706 intrr
2239 1656 2394 1721 cujus
2425 1654 2656 1722 insignia
2680 1665 2834 1705 erant
2870 1672 3030 1707 (ιιιιίἰι
3064 1672 3280 1719 corona,
3319 1664 3376 1707 ut
3412 1665 3494 1708 cst

236 1749 402 1812 pit-ta,
441 1763 570 1800 crux
604 1756 784 1798 autem
835 1747 884 1798 in
916 1757 1161 1800 extremo
1213 1749 1314 1801 lixa
1344 1764 1478 1802 auro
1528 1752 1651 1804 iicta
1689 1767 1816 1804 con-
1920 1743 2060 1813 apud
2090 1744 2356 1799 Joannem
2393 1747 2777 1811 Curopalatam
2807 1745 2858 1799 in
2884 1747 3171 1808 Tzimisec,
3202 1749 3295 1799 καὶ
3331 1748 3494 1816 τιάρα

233 1840 490 1906 ερὶιύιιιτ.
523 1838 897 1905 E-mdemque
934 1852 1127 1894 auctor
1159 1841 1491 1896 clarioribus
1531 1843 1681 1896 omni
1715 1857 1814 1895 co-

1921 1837 2229 1907 νενησμένη
2262 1839 2328 1888 ὲκ
2385 1837 2610 1906 βύσσου,
2670 1840 2768 1890 καὶ
2820 1839 3015 1891 πέδιλα
3072 1839 3305 1907 ἐρυθρὰ,
3372 1856 3494 1908 qua:

233 1933 349 1982 lore
385 1932 567 1983 verbis
620 1931 881 1998 depingit,
945 1932 1034 1985 tthi
1085 1933 1340 1999 superius
1402 1934 1466 1984 de
1510 1935 1807 2001 primicerii
1848 1919 1885 1974 li
1920 1926 2146 1981 Zonaras
2171 1936 2299 1980 sunt
2328 1928 2680 1997 φοινικόχροα
2705 1939 2754 1982 et
2779 1929 2977 1984 Niceta:
3010 1931 3060 1983 in
3097 1929 3307 1984 Joanne
3331 1929 3495 1984 Com-

233 2025 432 2078 baculo
461 2040 509 2076 (δ.
541 2023 593 2086 4,
629 2038 678 2090 p.
723 2022 805 2082 i9.
845 2040 894 2074 ν.
960 2024 1044 2086 l6,
1109 2026 1226 2077 ait:
1273 2025 1580 2078 Δικανίκιον
1647 2027 1811 2078 αὑτοῦ

1916 2033 2058 2072 ιιειιο
2078 2019 2466 2087 φοινικοϐαφῆ.
2500 2020 2644 2073 idem
2676 2021 3036 2090 Bulgarorum
3067 2025 3320 2092 princeps
3346 2023 3495 2076 Grai-

233 2115 395 2181 ξύλον
421 2117 862 2185 κεχρυσωμένον,
887 2113 999 2168 οἷον
1020 2117 1078 2168 τὸ
1126 2117 1221 2170 τοῦ
1274 2117 1560 2186 βασιλέως.
1590 2117 1810 2169 Δικανι-

1916 2110 1994 2162 ris
2029 2108 2283 2176 βασιλεύς
2331 2111 2730 2179 appellabatur,
2792 2121 2846 2165 ιιι
2895 2113 3066 2182 liquet
3097 2129 3160 2167 ex
3221 2115 3493 2182 legatione

236 2227 357 2261 χιον
396 2209 559 2264 [ei-3m
595 2218 868 2261 vocatum,
897 2206 1094 2280 omni
1917 2200 2236 2270 Luitprandi
2273 2204 2338 2256 ad
2373 2202 2735 2272 Nicephorum
2798 2203 3053 2266 Phocam.
3090 2219 3199 2274 quo
3267 2207 3494 2259 nomine

306 2295 393 2351 Ib.
428 2297 498 2351 De
531 2298 697 2351 blatio
728 2298 836 2366 jam
865 2313 1030 2366 supra
1064 2299 1304 2352 diximus
1335 2298 1370 2352 l.
1407 2314 1466 2364 ιι,
1493 2313 1542 2352 c.
1575 2298 1627 2364 5,
1662 2299 1726 2352 ad
1757 2313 1807 2367 p.
1917 2309 1983 2345 ne
2025 2292 2414 2363 imperatorem
2472 2297 2687 2365 quidem
2741 2297 3051 2354 Occidentis
3099 2299 3490 2368 dignabantur.

235 2387 322 2442 18.
351 2387 558 2442 ϐῐιετε.

1918 2401 2074 2455 quem
2109 2390 2252 2457 ρῆγα.
2314 2388 2694 2457 iudigitahant.
2738 2389 2812 2443 Ex
2863 2391 3062 2445 calceis
3121 2391 3412 2459 purpureis
3442 2399 3493 2444 ct

297 2481 440 2534 Ibid.
463 2479 700 2551 [Κώδικι
723 2480 916 2546 ἐοικὸς
932 2480 1257 2549 δεδομένον
1276 2481 1426 2550 μετὰ
1443 2482 1808 2550 ttat-aulico.
1917 2493 1976 2547 aq

1917 2479 2220 2547 aquiliferis
2253 2483 2473 2550 agnitus
2522 2482 2779 2536 estinter
2815 2497 3082 2536 caesorum
3136 2485 3388 2539 cumulos
3441 2494 3493 2537 et

230 2573 548 2627 Gragcmum
581 2575 970 2643 imperatorum
1001 2575 1228 2641 efﬁgiem
1284 2576 1482 2645 pictam
1522 2577 1573 2628 ni
1641 2577 1811 2630 lector
1917 2573 2152 2623 ltttttttlos
2188 2569 2586 2624 Constantinus
2641 2573 2868 2626 ultimus
2899 2573 3130 2641 Cpoleos
3169 2573 3488 2643 imperator.

231 2668 456 2729 viderit,
499 2666 584 2721 vix
637 2666 751 2722 hate
787 2669 1068 2737 percipiat.
1099 2669 1174 2722 Illi
1233 2669 1534 2738 longiorem
1577 2669 1805 2724 fasciam
1917 2664 2212 2728 Phr-macs,
2261 2667 2314 2727 5,
2364 2666 2447 2718 i8.
2512 2665 2619 2719 llas
2674 2668 2921 2734 crepidas
2984 2667 3242 2736 ἐρυθρᾶς,
3287 2677 3344 2722 ιιι
3397 2685 3490 2723 ens

232 2761 547 2828 margaritis
578 2773 828 2815 ornatam
884 2761 1028 2815 velut
1090 2763 1374 2817 humerale
1435 2764 1502 2816 ab
1567 2763 1810 2816 humeris

1913 2757 2151 2827 appellat
2187 2757 2454 2826 Grego-as
2501 2759 2535 2810 l.
2562 2760 2613 2821 ’5,
2663 2761 3128 2829 qttetnadmodum
3187 2773 3240 2815 et
3282 2777 3490 2830 purpu-

232 2865 382 2907 retro
418 2854 741 2922 pendentem
778 2869 803 2906 a
833 2857 1023 2921 dextro
1057 2856 1226 2909 latere
1265 2867 1387 2909 ante
1422 2864 1611 2924 pectus
1673 2858 1809 2909 reci-
1915 2863 2052 2908 ram,
2087 2849 2268 2901 statim
2298 2849 2635 2917 arripicbant
2682 2850 2757 2903 illi
2784 2851 2874 2920 qui
2912 2853 3196 2919 imperium
3268 2853 3490 2905 invadi:-

232 2947 392 3016 piunt
425 2956 477 3000 et
538 2946 760 3001 sinistro
825 2947 1049 2999 brachio
1108 2956 1517 3015 superponunt;
1580 2961 1811 2999 cavero
1916 2939 2065 2995 bant.
2121 2939 2462 3009 θυαμ-ωηεν
2509 2942 2574 2995 de
2642 2943 2930 2998 Theodoro
2988 2945 3270 2997 Comueno
3332 2957 3488 3015 capta

233 3050 521 3107 partequa
552 3054 768 3092 manum
806 3039 1045 3106 attingit,
1109 3040 1425 3108 adjunctttm
1461 3049 1514 3092 et
1560 3049 1806 3094 assutum
1914 3034 2307 3089 Thessalonica
2370 3033 2636 3102 Georgius
2683 3034 2998 3102 At't‘opolita
3057 3038 3110 3090 in
3165 3039 3485 3095 Chronico:

236 3131 401 3183 habet
438 3131 729 3184 rotundum
767 3133 1068 3194 sacculum,
1109 3132 1302 3184 κώδικι
1335 3131 1532 3194 ἐοικός,
1588 3132 1808 3184 involu-
1914 3171 1915 3176 η

1914 3126 2230 3195 Πορφυρίδα
2258 3143 2314 3178 τε
2351 3124 2642 3178 ὑποδύεται
2674 3130 2767 3177 καὶ
2799 3128 2988 3180 πέδιλα
3048 3129 3280 3199 ἐρυθρά.
3333 3130 3487 3187 Obit-

230 3236 389 3273 crum
425 3222 685 3274 nimirum
750 3223 1012 3276 volumini
1071 3224 1399 3292 complicato
1459 3223 1573 3277 sive
1625 3223 1807 3292 potius
1837 3269 1878 3326 c
1913 3231 2018 3284 que
2057 3227 2264 3269 strenue
2317 3217 2658 3280 imperatoria
2701 3220 2902 3282 munia,
2937 3221 3166 3272 creando
3216 3223 3484 3288 despotas,

232 3313 481 3365 involuto
513 3312 708 3375 simile,
743 3313 1005 3377 quodest
1039 3313 1169 3368 illud
1223 3313 1438 3383 βλὰτιον
1475 3313 1597 3383 ἕχον
1646 3313 1808 3382 χῶμα
1837 3307 1878 3326 ν
1912 3307 2376 3370 sebastocratorus,
2425 3326 2640 3378 magnos
2682 3312 3010 3376 domesticos,
3057 3317 3486 3377 protorestiarios

231 3404 386 3462 ἐντὸς
421 3405 515 3454 καὶ
552 3401 796 3455 καλεῖται
819 3403 1046 3456 ἀκακία.
1080 3403 1271 3458 Fascia
1310 3420 1440 3459 vero
1464 3422 1559 3460 seu
1598 3405 1805 3474 μανδύ-

1911 3410 1957 3452 et
1990 3401 2045 3452 id
2079 3417 2240 3469 genus
2293 3403 2451 3454 alios.
2519 3403 2728 3468 Quibus
2786 3414 2913 3460 ante
2970 3408 3151 3459 omnia
3207 3410 3485 3464 iuvas-ores

230 3491 368 3554 λιον,
429 3491 653 3544 linteum
715 3491 1006 3560 oblongius
1041 3493 1260 3545 mantile
1294 3495 1496 3546 dictum
1540 3492 1805 3558 referens,
1911 3495 2111 3560 sceptri
2151 3494 2480 3562 imperatorii
2521 3495 2900 3563 privabantur,
2964 3513 3126 3566 quam
3162 3501 3397 3567 primum
3433 3503 3486 3555 in

233 3583 352 3648 ipsa
381 3595 600 3649 quoque
637 3581 926 3648 μανδυλίου
957 3583 1186 3636 sortitur
1213 3583 1652 3652 appellationem.
1688 3582 1806 3645 Quo
1914 3587 2286 3654 legitimorum
2315 3589 2660 3642 dominorum
2693 3601 3011 3659 potestatem
3041 3596 3348 3649 veniebant.
3388 3597 3484 3651 Coi-

231 3674 527 3726 observato
588 3671 814 3739 visaque
871 3673 1221 3736 imperatoris
1291 3675 1455 3742 ﬁgura
1493 3713 1507 3739 ,
1545 3675 1674 3742 quid
1734 3674 1806 3725 sit
1911 3693 2100 3731 rouam
2149 3680 2556 3747 imperatoriam
2588 3697 2749 3735 nemo
2807 3683 2909 3736 sibi
2965 3687 3240 3749 sumebat,
3297 3689 3391 3740 sed
3432 3688 3485 3740 in

233 3764 626 3830 imperatorem
653 3764 709 3811 ἒν
737 3764 800 3828 τῇ
835 3753 1102 3830 ἀριστερᾷ
1130 3762 1317 3830 φέρειν
1349 3762 1561 3832 βλάτιον
1616 3761 1805 3814 uuam
1908 3791 1912 3815 ι

1908 3771 2269 3824 coronatione
2318 3785 2412 3824 seu
2467 3771 2890 3842 inauguratione
2960 3789 3117 3830 suaa
3172 3778 3485 3846 patriarcha

231 3855 414 3916 ἑοικος
442 3854 580 3918 μετὰ
616 3851 905 3921 μανδυλίου
941 3853 1245 3924 δεδεμένον,
1279 3855 1605 3924 relinquitur
1632 3855 1801 3909 mani-
1907 3898 1910 3911 .

810 3854 905 3904 ,ίου
941 3853 1245 3924 δεδεμένον,
1279 3855 1605 3924 relinquitur
1632 3855 1801 3909 mani-
1907 3859 2232 3929 accipiebat.
2263 3859 2489 3917 Cursu

233 3949 456 3999 restium.
1978 3951 2038 4004 P.
2074 3951 2133 4004 5i
2169 3961 2223 4005 et
2258 3951 2350 4007 54.
2384 3952 2634 4008 Pilaticia
2671 3965 3036 4010 accersuntur
3067 3973 3095 4011 a
3123 3958 3266 4030 Cyro
3290 3959 3488 4015 Persa-

308 4036 391 4090 Ib.
423 4035 843 4108 [Κόνινιᾶμμον,
872 4048 919 4091 el
951 4037 1111 4107 χῶμα
1141 4037 1480 4107 disdnguunt
1512 4055 1573 4092 ex
1601 4040 1804 4109 judicio
1908 4060 1987 4097 rttt

1908 4059 2028 4097 rttm
2103 4057 2249 4113 rege,
2307 4045 2416 4099 imo
2450 4061 2476 4098 a
2509 4047 2702 4110 Medis,
2758 4063 2993 4114 quorum
3060 4066 3155 4106 rex
3199 4054 3485 4122 etjudiccs

233 4129 507 4182 hodierni:
541 4128 687 4191 κόνις
712 4129 879 4195 pulvis
909 4137 1010 4192 est,
1040 4128 1220 4196 ἄμμος
1250 4145 1433 4192 arena,
1461 4128 1623 4198 χῶμα
1655 4141 1803 4184 terra
1910 4134 2038 4188 talia
2082 4134 2320 4203 piiaticia
2360 4153 2421 4189 ex
2479 4139 2620 4190 collo
2657 4141 3025 4206 depcndcntia
3067 4150 3331 4211 gestarint
3363 4158 3483 4199 lan-

227 4221 490 4291 frugifcra
516 4221 648 4274 satis
673 4229 726 4274 et
759 4220 1192 4288 plantisidonea.
1221 4220 1415 4274 Suidas
1441 4221 1625 4290 χῶμα,
1652 4221 1802 4292 χοῦν.
1910 4242 2073 4296 quam
2104 4225 2324 4295 juridici
2366 4228 2590 4283 honoris
2627 4241 2678 4284 et
2713 4230 2873 4284 olIicii
2911 4233 3166 4302 insignia.
3205 4234 3483 4304 Quidquid

231 4312 375 4366 llinc
407 4311 501 4364 tibi
533 4311 700 4363 Annua
762 4310 1055 4365 Comnetta:
1084 4311 1117 4362 I.
1153 4327 1187 4364 ιι
1227 4311 1498 4374 obscurus
1533 4313 1686 4366 locus
1717 4315 1804 4366 lu-
1908 4319 1977 4372 sit
2004 4319 2069 4372 de
2100 4332 2178 4382 re,
2216 4319 2546 4373 vocabulum
2599 4322 2815 4376 videtur
2867 4324 3125 4378 Latinum
3163 4342 3189 4379 a
3223 4328 3353 4395 pilo,
3383 4329 3486 4382 hoc

229 4416 350 4454 cem
386 4401 606 4468 accipit.
642 4398 944 4453 Extraneos
978 4406 1184 4454 milites
1240 4415 1268 4452 a
1325 4400 1634 4466 terrigenis,
1689 4401 1804 4454 sive
1907 4417 1989 4461 est
2020 4410 2142 4462 (elo.
2173 4408 2308 4461 Nam
2366 4413 2509 4478 quod
2534 4410 2727 4469 Junius
2773 4431 2834 4469 ex
2871 4415 3246 4474 Orientalibus
3283 4421 3485 4488 linguis

233 4491 434 4544 melius
474 4491 646 4554 dicas,
695 4491 1025 4559 alienigenas
1056 4489 1121 4543 ab
1177 4489 1444 4557 indigenis
1489 4491 1799 4560 distinguit.
1907 4496 1957 4549 id
1989 4495 2228 4564 deducit,
2281 4499 2483 4567 quibus
2514 4500 2591 4552 ait
2619 4503 2911 4567 pilaticium
2942 4519 3052 4556 esse
3090 4505 3474 4573 disquisitiunis

232 4581 361 4633 Illos
387 4581 659 4648 ἑταίρους,
696 4579 794 4634 hos
832 4581 1084 4648 indigitat
1130 4581 1360 4643 ὁπόσους
1393 4585 1456 4632 ὲκ
1488 4583 1579 4634 τοῦ
1617 4587 1802 4651 χώμα-
1839 4603 1911 4654 οι

1839 4603 1877 4654 ο
1905 4595 1953 4639 et
1976 4590 2395 4644 accuratissima:
2440 4593 2751 4660 cognitionis
2809 4606 3224 4658 monumentum,
3278 4597 3330 4649 id
3362 4599 3481 4652 ideo

230 4681 748 4740 20.3,qaotquotsunt
775 4675 1034 4740 ενι-ομνια
1065 4682 1202 4724 terra
1231 4675 1360 4725 nati.
1391 4673 1448 4726 L.
1478 4691 1535 4729 ιιι
1559 4677 1643 4730 hic
1666 4676 1805 4732 alius
1913 4678 2037 4734 fecit
2071 4693 2140 4734 ne
2175 4681 2509 4736 nesciremus
2568 4701 2728 4752 quam
2763 4685 2994 4741 feliciter
3029 4703 3191 4756 supra
3246 4688 3482 4754 ζωΰφιον

230 4764 543 4817 illustratur
572 4765 666 4815 εΟὑ
689 4763 905 4826 πλείους
927 4765 1252 4830 τριακοσίων
1275 4768 1624 4833 στρατιωτῶν
1643 4763 1800 4838 ἦσαν,

1798 4813 1800 4828 ,
1909 4783 1972 4822 ex
1995 4770 2230 4823 Arabico
2249 4771 2498 4824 formarit
2526 4789 2540 4834 ;
2578 4789 2685 4826 non
2717 4774 3205 4842 impari'felicitate
3240 4778 3477 4842 pilaticii

231 4855 330 4906 καὶ
382 4853 584 4906 τούτων
619 4856 681 4906 ἐκ
711 4854 803 4906 τοῦ
862 4854 1135 4922 χώματος.
1191 4857 1330 4925 Ergo
1366 4859 1412 4911 si
1465 4858 1803 4914 involucrum
1909 4889 1910 4903 ι

1801 4886 1803 4912 ι
1909 4877 1973 4915 ex
2007 4859 2230 4914 Oriente
2279 4863 2437 4917 nobis
2495 4880 2643 4918 nunc
2695 4867 2938 4922 advehit.
2978 4866 3109 4924 Vide
3142 4879 3272 4924 tom.
3312 4870 3378 4923 lli
3414 4871 3480 4925 de

231 4945 489 4998 manibus
554 4944 902 5014 imperatoris
957 4957 1224 5015 gestatum
1294 4951 1453 5017 χῶμα
1501 4952 1800 5014 contineat,
1910 4950 1968 5004 S.
2001 4952 2198 5019 (lt-uice,
2227 4969 2266 5017 ι,
2308 4953 2393 5007 l5.
2427 4952 2642 5024 Ubique
2671 4967 2853 5012 autem
2887 4960 3236 5016 scribendum
3261 4964 3477 5015 πιλατί-

229 5036 366 5103 qu.d
399 5038 544 5090 aliud
581 5053 742 5105 quam
771 5048 994 5101 terram,
1020 5042 1175 5108 cujus
1230 5043 1479 5109 symbolo
1508 5043 1800 5099 innotescit
1907 5060 2044 5106 κιον.
2083 5060 2188 5098 non
2214 5047 2590 5110 ἀπελατίκιον,
2620 5053 2816 5118 sceptri
2855 5069 3047 5121 genus,
3073 5057 3216 5124 quod
3253 5057 3475 5124 palatini

231 5128 538 5188 humilitas.
579 5127 893 5197 intelliges?
928 5129 1122 5202 Onam]
1907 5138 2040 5190 certi
2082 5139 2340 5205 gerebant
2372 5144 2830 5207 quemadmodum
2858 5147 2948 5200 alii
2984 5149 3139 5202 multi
3165 5150 3225 5200 τὸ
3265 5150 3478 5205 δικακί-

306 5220 449 5273 Ibid.
479 5221 673 5273 Aracia
702 5221 828 5290 quid
864 5224 954 5286 sit,
983 5225 1159 5277 oculis
1193 5223 1390 5278 intueri
1427 5226 1552 5280 licet
1583 5227 1634 5279 in
1661 5227 1798 5281 ima-
1906 5245 2047 5291 κιον,
2081 5245 2245 5301 supra
2278 5232 2314 5286 l.
2349 5232 2402 5298 2,
2439 5248 2486 5287 c.
2520 5233 2567 5286 ϐ.
2600 5235 2803 5290 Gns'rs.

230 5311 452 5380 ginibus
489 5309 872 5376 imperatorum
905 5313 1138 5380 praefixis
1169 5313 1483 5384 Nicephoro
1519 5319 1798 5388 Gregoraz,

1792 5356 1798 5379 ,
1979 5319 2669 5392 1ὸ.[Ἀρχοντό.·του.ιον
2740 5330 3027 5396 ἀσκεπές.
3078 5331 3351 5403 Gregoras
3406 5337 3471 5388 ad

229 5415 280 5455 ct
307 5403 361 5454 in
393 5416 614 5454 nummo
635 5401 926 5457 Theodosii
956 5404 1156 5475 Magni,
1188 5423 1348 5476 quem
1382 5409 1552 5462 habes
1578 5421 1706 5463 tom.
1735 5409 1800 5463 Ill

1794 5410 1800 5463 [
1913 5407 2170 5466 Historia:
2208 5413 2453 5468 calcem:
2510 5416 2643 5485 Περί
2681 5434 2742 5484 γε
2799 5422 2901 5488 μὴν
2933 5421 3032 5490 τῆς
3071 5423 3162 5474 ἐπὶ
3200 5401 3473 5493 ήκιφαλῆς

229 5497 295 5549 de
422 5496 595 5548 Cruce
624 5496 658 5550 i.
683 5512 720 5562 ι,
756 5501 968 5551 tametsi
1005 5499 1270 5556 Baronius
1297 5503 1580 5556 existimat
1608 5515 1795 5572 gesta-
1904 5519 1908 5549 1

1794 5534 1795 5540 η
1904 5501 2245 5573 καλύπτρας,
2263 5505 2357 5556 ἐπὶ
2381 5507 2487 5557 τῶν
2519 5510 2784 5578 πρότερον
2811 5511 3074 5580 βασιλέων
3093 5514 3211 5576 ἑοος
3228 5517 3355 5578 τοὺς
3377 5516 3473 5584 μὲν

232 5605 356 5642 men
391 5588 522 5640 illttd
555 5586 847 5644 Theodosii
880 5589 1056 5660 Magni
1089 5608 1208 5647 esse
1243 5609 1452 5648 sacrum
1482 5595 1799 5666 Evangeiio-
1904 5608 1911 5658 ξ

1788 5627 1799 5637 .
1904 5592 2081 5661 χρόνῳ
2156 5594 2570 5664 προϐεϐηκότας
2629 5602 2820 5664 ἐντοῖς
2881 5603 3176 5669 βασιλείοις
3229 5605 3467 5675 χρῆσθαι

230 5695 350 5734 rum
385 5678 652 5733 codicem.
693 5679 895 5735 ibidem
930 5700 1026 5752 pro
1060 5685 1242 5740 acacia
1272 5687 1594 5756 suspicabar
1617 5689 1798 5758 legen-
1903 5700 1909 5734 ι

1795 5721 1798 5730 .
1903 5684 2244 5753 καλύπτραις
2296 5690 2602 5759 πυραμίδος
2649 5694 2746 5760 μὲν
2778 5695 3030 5762 ἐχούσαις
3081 5698 3283 5767 σχῆμα,
3314 5715 3474 5767 σηρι-

227 5772 358 5826 dum
394 5771 562 5822 ἁκίαι
602 5769 695 5822 sed
750 5772 964 5841 vulgata
1019 5776 1287 5844 scriptura
1325 5779 1546 5830 retineri
1591 5790 1792 5846 potest,
1901 5792 1906 5826 1

1790 5823 1792 5837 ,
1901 5777 2016 5835 κοῖς
2047 5775 2096 5828 δ’
2127 5778 2390 5848 ἐνδύμασι
2430 5784 2567 5834 κατὰ
2613 5784 2672 5835 τὸ
2703 5787 2969 5854 ἀνάλογον
3002 5790 3220 5861 ἑκάστῳ
3249 5791 3469 5860 ἀξίωμα

226 5859 340 5916 imo
365 5859 562 5925 debet;
599 5871 649 5912 et
675 5869 756 5915 est
791 5861 970 5914 acacia
1021 5863 1319 5916 innocentia
1374 5874 1424 5918 ct
1455 5865 1682 5919 Acacius
1704 5866 1793 5917 In.
1901 5884 1905 5916 τ

1791 5898 1793 5905 ν
1901 5868 2497 5940 κα).υπτομένοιις,ὅσαι
2526 5875 2570 5928 δ’
2595 5879 2651 5929 ἐν
2683 5879 2885 5948 tius/ig,
2923 5882 3145 5946 τούτους
3175 5884 3227 5936 δὲ
3259 5887 3470 5950 πάντας
