4252 6444
249 386 355 452 329

1324 383 1707 442 GRETSERI
1746 384 1836 441 ET
1879 384 2117 444 GOARI
2146 386 2388 446 NOTAE.

3353 384 3462 447 330

248 517 407 555 omna
435 512 590 557 erat:
627 512 746 558 erat.
801 501 943 555 enim
969 498 1233 569 jejunium
1271 498 1467 567 vigiliae
1496 496 1807 551 Nativitatis
1839 509 1878 559 Α
1914 497 2054 551 Nam
2085 510 2132 553 et
2160 503 2272 568 ipso
2306 508 2503 553 sancta:
2547 516 2607 552 ac
2642 516 2845 566 magna:
2874 499 3308 567 Quatlragesimc
3334 508 3464 552 tene.

248 595 487 648 Domini.

320 686 380 740 Ρ.
409 687 497 740 59.
534 686 748 739 Postero
774 684 876 737 die.
935 682 1206 737 Hactenus
1236 682 1545 751 percensuit
1569 681 1806 735 Codinus

242 778 381 845 quid
417 778 470 829 in
495 773 675 846 vigilia
736 776 1038 828 nativitatis
1068 774 1184 826 ﬁeri
1239 773 1626 828 consueverit:
1662 788 1805 826 nunc

242 862 375 935 quid
400 867 453 918 in
482 866 598 934 ipso
645 866 779 920 festo
802 873 1013 933 agatur,
1045 865 1288 931 exponit.
1320 862 1522 918 Gners.
1605 871 1611 877 ’

324 953 404 1009 Ib.
444 954 589 1026 [Τὴν
610 955 1131 1019 τεσσαρακοστήν.
1155 953 1355 1008 Christi
1387 954 1627 1007 natalitia
1652 967 1809 1007 seve-

243 1046 375 1099 riori
416 1047 626 1116 jejunio
671 1048 1023 1115 quadraginta
1057 1045 1247 1099 diebus
1280 1054 1553 1115 protracto
1612 1058 1797 1096 mona-

242 1138 393 1191 sticae
425 1138 568 1207 leges
592 1149 647 1191 et
674 1138 760 1206 pia
797 1138 1154 1206 quorumdam
1185 1136 1405 1191 devotio
1438 1136 1802 1205 praeveniunt.

242 1228 520 1296 Jejunium
560 1228 702 1281 illud
764 1228 1180 1297 σαραντάμερυν
1237 1227 1453 1296 vulgus,
1513 1226 1809 1281 correctior

246 1316 434 1385 lingua
492 1316 1017 1387 τεσσαρανθήμερον
1096 1326 1275 1371 vocat.
1357 1314 1807 1386 Τεσσαρακοστήν

242 1406 483 1461 observo
518 1407 586 1461 ab
611 1416 835 1461 auctore
885 1407 1189 1476 nuncupari
1214 1424 1226 1462 :
1258 1417 1313 1461 at
1339 1408 1481 1461 nude
1502 1417 1555 1462 et
1583 1409 1807 1460 omnino

241 1495 451 1567 jejuno.
517 1508 574 1550 ut
632 1496 793 1565 hujus
841 1496 1513 1565 abstinentizetemporis
1564 1496 1634 1549 ab
1698 1495 1808 1549 alio

245 1582 533 1638 Paschalis
591 1585 851 1638 solemnia
878 1585 1043 1656 290
1074 1586 1430 1654 praecedente,
1479 1594 1533 1639 et
1563 1584 1691 1651 ἁγία
1715 1583 1809 1635 καὶ

249 1675 464 1744 μεγάλη
521 1678 937 1745 τεσσαρακοστή
994 1676 1162 1741 dicto,
1210 1676 1505 1731 discrimen
1543 1676 1804 1745 assignet.

244 1765 447 1837 Coum]

1908 606 2033 658 pone
2061 592 2239 645 diebus
2296 592 2515 646 Sabbati
2548 608 2612 645 ac
2652 590 2939 644 Dominicis:
2992 591 3143 642 multi
3186 598 3461 643 vescuntur

1909 682 2158 748 piscibus,
2223 682 2347 735 aliis
2377 699 2576 752 quoque
2630 685 2725 737 alii
2753 683 2933 735 diebus
2961 701 2977 744 ;
3039 691 3160 736 sunt
3186 684 3349 735 etiam
3372 684 3463 749 qui

1908 769 1971 821 iis
1998 771 2206 821 omnino
2242 786 2297 822 se
2331 773 2605 827 abstinent.
2651 771 2789 836 Quid
2824 775 2990 841 ergo?
3023 772 3320 825 dicemusue
3345 770 3464 823 illos

1911 855 2011 923 ﬁde
2041 860 2199 910 etiam
2223 859 2361 911 inter
2382 876 2436 912 se
2458 861 2709 914 dissidere
2730 862 2755 914 Ρ
2780 860 2845 913 In
2876 860 3062 913 ritibus
3086 876 3284 928 quoque
3306 860 3467 913 eccle-

1908 948 2140 999 siasticis
2158 952 2478 1003 consuetudo
2501 960 2577 1003 est
2606 945 2754 1004 varia
2781 968 2799 1004 :
2830 968 2949 1005 nam
2979 952 3260 1020 Cpolitana
3296 950 3467 1018 major

1907 1036 2124 1090 ecclesia
2142 1040 2192 1089 in
2208 1040 2530 1093 celebrandis
2544 1042 2723 1109 oﬂiciis
2736 1044 2840 1095 alio
2855 1055 2997 1096 mare
3016 1044 3201 1106 utitur,
3229 1042 3333 1095 alio
3351 1055 3467 1094 vero

1910 1127 2116 1193 majora
2143 1134 2475 1195 monasteria,
2514 1128 2621 1184 alio
2664 1135 2871 1187 minora
2900 1135 2970 1187 ad
3001 1132 3224 1204 quietem
3255 1147 3465 1186 accom-

1908 1219 2146 1281 modata,
2197 1220 2413 1289 denique
2439 1222 2544 1275 alio
2574 1226 2910 1279 sacerdotum
2943 1226 3279 1281 sa’cularium
3300 1216 3467 1280 eccle-

1910 1308 2021 1361 site.
2062 1306 2199 1372 Quin
2227 1319 2277 1363 et
2332 1311 2724 1371 Tebennesiota:
2775 1319 2829 1371 in
2858 1334 2959 1373 uno
2986 1320 3267 1389 eodemque
3296 1335 3470 1373 cano-

1912 1399 1993 1452 bio
2020 1403 2192 1455 varios
2230 1403 2515 1471 jejunandi
2558 1391 2916 1478 psallendique
2962 1413 3155 1465 modos
3185 1413 3471 1480 habebant,

1910 1490 2033 1544 aliis
2056 1508 2146 1558 per
2170 1495 2384 1548 biduum
2401 1497 2790 1565 jeiunantibus,
2813 1502 2934 1554 aliis
2950 1517 3041 1570 per
3068 1502 3470 1569 hebdomadam,

1892 1594 1958 1635 'et
1995 1583 2073 1636 his
2107 1587 2314 1653 quidem
2337 1570 2407 1639 ad
2437 1596 2725 1655 vesperam,
2767 1591 2878 1644 illis
2901 1606 3018 1645 vero
3042 1593 3104 1645 de
3130 1594 3301 1646 media
3326 1604 3477 1649 nocte

1911 1689 2089 1727 sacros
2146 1674 2362 1743 hymnos
2409 1678 2758 1744 canentibus;
2809 1684 2949 1749 quod
2992 1683 3151 1750 ﬁebat
3194 1685 3355 1738 etiam
3418 1686 3474 1738 in

1912 1766 2229 1817 monasterio
2255 1765 2659 1823 Acametorum.
2700 1760 2898 1826 Subdit
2934 1771 3259 1843 Gregorius:
3312 1775 3473 1845 297

314 1860 402 1914 η,
442 1860 614 1914 and
663 1874 771 1914 ηοη
806 1868 1018 1914 tantum
1060 1869 1187 1913 εηιο
1218 1859 1424 1915 pascha
1465 1860 1559 1915 sed
1590 1869 1645 1914 ei,
1687 1867 1810 1923 ante
1844 1847 1885 1902 Β
1916 1853 2112 1909 Mirum
2139 1874 2295 1925 porro
2313 1860 2468 1928 fuerit
2500 1877 2596 1915 cur
2612 1864 2710 1918 iste
2733 1865 2811 1917 vir
2835 1864 3095 1935 etlinguc
3117 1868 3472 1922 diversitatem

245 1948 350 2003 alia
384 1948 522 2004 festa
560 1950 851 2019 praecipua,
873 1961 932 2003 ut
956 1959 1037 2004 est
1063 1947 1271 2004 Natalis
1295 1948 1535 2014 Domini,
1562 1950 1805 2018 quadra-

245 2040 513 2108 gesimam
564 2040 984 2109 praemittebant,
1046 2042 1142 2094 sed
1176 2040 1654 2110 quadragesimum
1693 2056 1802 2094 non

247 2145 331 2196 re,
367 2130 465 2185 sed
489 2132 608 2185 solo
639 2134 882 2197 nomine,
934 2139 1123 2201 utpote
1164 2132 1373 2200 jejunio
1397 2131 1586 2199 paucis
1611 2131 1806 2185 diebus

243 2222 692 2290 circumscripto.
745 2223 799 2276 ld
852 2223 1029 2277 disces
1054 2239 1117 2277 ex
1143 2221 1484 2285 Balsamone,
1512 2223 1607 2291 qui
1630 2223 1682 2275 in
1717 2237 1805 2276 re-

246 2321 451 2377 sponso
472 2310 540 2362 sd
574 2308 644 2363 53
655 2309 1013 2377 quaestionem
1029 2308 1197 2362 Marci
1224 2309 1546 2377 patriarcba’
1565 2308 1805 2363 Alexan-

240 2370 389 2453 drini
423 2401 496 2453 ita
528 2370 756 2455 scribit:
788 2399 902 2453 Nos
919 2370 1248 2467 defendimus
1266 2398 1479 2465 jejunio
1511 2398 1805 2452 necessario

241 2490 534 2557 procedere
594 2488 703 2543 lucc
753 2499 979 2557 quatuor
1000 2490 1156 2558 festa,
1190 2488 1441 2540 nimirum
1470 2486 1661 2553 festum
1680 2503 1807 2540 san-

242 2589 452 2632 ctorum
506 2563 897 2647 apostolorum,
935 2577 1146 2632 Natalis
1173 2577 1392 2643 Christi,
1453 2578 1803 2645 transforma-

242 2672 408 2725 tionis
438 2670 637 2725 Christi
669 2681 717 2724 et
752 2670 849 2723 Dei
876 2671 1063 2734 nostri,
1096 2678 1144 2722 et
1169 2670 1569 2723 obdormitionis
1608 2680 1803 2724 sancta:

242 2764 507 2832 Deiparaz,
568 2764 654 2816 sed
680 2772 878 2815 tantum
928 2774 1121 2831 septem
1178 2765 1403 2816 dierum.
1462 2760 1633 2816 Unum
1665 2765 1801 2817 enim

241 2863 318 2907 est
370 2854 726 2922 quadraginta
773 2855 974 2907 dierum
1022 2854 1277 2922 iejunium
1327 2855 1499 2907 sancti
1544 2864 1593 2908 et
1626 2859 1801 2926 magni

240 2944 542 2998 l’ascitatis.
595 2945 747 3009 Quod
787 2946 832 2997 si
892 2947 1006 3014 quis
1062 2945 1177 3013 plus
1206 2960 1364 3015 quam
1403 2958 1596 3015 septem
1623 2949 1801 3003 diebus

241 3038 384 3087 circa
432 3036 617 3105 {estutn
670 3048 972 3089 sanctorum
1018 3038 1372 3106 apostolorum
1402 3050 1451 3092 et
1480 3039 1673 3107 festum
1704 3057 1797 3094 na-

242 3123 368 3174 talis
390 3120 584 3175 Christi
601 3122 823 3190 jejunet,
852 3139 941 3176 seu
970 3134 1146 3191 sponte
1167 3140 1256 3176 seu
1281 3124 1482 3179 ordinis
1515 3126 1598 3178 sui
1621 3129 1800 3194 regula

240 3211 520 3277 impulsus,
554 3226 654 3262 non
678 3212 1072 3279 vituperabitur.
1116 3212 1389 3278 Quomodo
1411 3223 1588 3267 autem
1605 3225 1651 3269 et
1680 3230 1800 3281 pro-

237 3310 355 3367 pter
386 3301 512 3367 quid
537 3310 655 3354 ante
673 3304 1072 3372 unumquodque
1098 3302 1282 3358 horum
1301 3314 1527 3373 quatuor
1553 3306 1800 3373 festorum

226 3388 479 3456 jejunare
509 3390 807 3453 debeamus,
830 3392 1156 3445 declaratum
1186 3394 1240 3447 in
1268 3394 1511 3463 synodali
1535 3396 1801 3449 decisione

235 3480 300 3529 de
334 3492 397 3530 eo
426 3494 459 3530 a
493 3477 638 3532 nobis
696 3481 859 3549 facta.
921 3481 1024 3547 Qui
1067 3484 1232 3552 igitur
1266 3499 1369 3536 non
1402 3483 1650 3552 jejunant
1682 3492 1803 3539 ante

236 3566 659 3641 unumquodque
705 3572 890 3621 horum
927 3581 1156 3639 quatuor
1210 3574 1483 3641 festorum,
1543 3575 1656 3628 sine
1688 3574 1801 3627 ulla

233 3655 448 3706 omnino
497 3656 828 3708 excusatione
883 3659 1086 3725 magnis
1136 3658 1554 3714 emendabuntur
1609 3662 1798 3734 panis.

233 3738 439 3794 Eadem
475 3742 638 3794 tradit
668 3742 956 3795 Balsamon
988 3746 1041 3796 in
1077 3747 1359 3813 responsis
1394 3748 1460 3799 ad
1490 3746 1800 3818 interroga-

231 3830 415 3883 tiones
445 3834 807 3898 quorumdam
834 3837 1251 3900 monachorum,
1292 3850 1412 3903 quae
1438 3845 1796 3907 exstantpost

228 3920 676 3975 Nontocanonem
703 3922 921 3999 _Photii.

300 4010 478 4065 Graeci
531 4013 937 4080 quiritabantur
999 4008 1340 4087 lme’jejunia
1391 4017 1658 4075 aLatinis
1684 4037 1793 4077 non

225 4104 509 4158 observari
532 4142 550 4169 ,
576 4119 656 4159 .ac
678 4107 907 4174 proinde
938 4108 1037 4162 hac
1063 4111 1226 4163 etiam
1250 4126 1316 4164 ex
1352 4120 1505 4180 parte
1538 4129 1658 4168 cum
1698 4115 1795 4170 iis-

223 4195 351 4248 dem
375 4197 720 4250 concordiam
745 4198 864 4250 iniri
896 4214 1005 4253 non
1036 4216 1219 4270 posse.
1245 4201 1503 4257 Instituta
1532 4216 1580 4259 et
1617 4223 1788 4261 mores

222 4302 403 4339 omnes
432 4288 641 4343 diversa
666 4292 874 4345 omnino
898 4301 1039 4355 sunt,
1069 4295 1249 4362 inquit
1273 4295 1485 4351 Marcus
1506 4298 1788 4366 Ephesius,

213 4377 449 4452 jejunia_
482 4390 532 4432 et
584 4382 717 4434 ritus
764 4386 1107 4442 ecclesiastici
1151 4396 1199 4439 et
1246 4389 1463 4442 similia.
1508 4390 1639 4455 Qute
1666 4409 1788 4462 ergo

218 4469 305 4520 hic
341 4470 488 4535 unio,
524 4471 613 4525 ubi
640 4473 841 4526 nullum
883 4485 1067 4539 patens
1091 4493 1153 4530 ac
1186 4480 1527 4547 manifestans
1571 4496 1785 4551 apparet
1815 4498 1869 4557 Ι)
1894 4515 2020 4558 ante
2042 4469 2206 4561 Ρεηιέ

216 4558 473 4625 signum?
526 4561 595 4614 Et
645 4567 901 4631 quomodo
947 4568 1081 4621 uniti
1135 4580 1278 4633 sunt,
1312 4572 1402 4639 qui
1454 4589 1549 4625 sua
1573 4577 1790 4629 retinere
1827 4605 1839 4620 ο

218 4650 444 4703 colunt?
497 4653 611 4706 Hac
648 4657 784 4708 enim
816 4659 926 4726 lege
954 4676 1109 4713 suum
1150 4667 1217 4714 ad
1254 4665 1494 4717 unionem
1522 4667 1790 4737 prwbuere

214 4754 507 4803 assensum,
523 4746 760 4810 quamvis
783 4764 812 4798 a
833 4746 1056 4801 Patrum
1074 4752 1445 4808 traditionibus
1460 4755 1788 4812 desciverint.

213 4828 534 4899 Respondet
567 4833 867 4905 Gregorius
918 4845 1358 4913 protosyncellus
1414 4848 1467 4900 in
1531 4850 1779 4918 apologis

210 4938 318 4991 pro
385 4927 624 4981 concilio
683 4929 1025 4999 Florentino,
1079 4950 1201 5004 qua:
1228 4947 1405 4993 exstat
1460 4939 1527 4992 ad
1581 4942 1782 4996 calcem

210 5015 463 5083 ejusdem
503 5018 808 5075 Florentini
861 5027 1079 5079 concilii
1109 5027 1161 5080 in
1194 5030 1328 5084 edit.
1362 5030 1607 5085 Romana
1634 5033 1783 5087 Cra:-

210 5105 499 5162 co-l.atina
531 5126 543 5163 :
576 5109 757 5165 Nescit
784 5131 922 5184 ergo,
942 5126 999 5168 ut
1019 5118 1174 5185 plane
1195 5121 1419 5188 videtur,
1448 5125 1669 5204 eximius
1699 5127 1782 5180 hic

206 5202 291 5253 vir
320 5203 491 5255 varios
520 5206 575 5256 in
613 5206 711 5259 hac
738 5212 898 5263 etiam
947 5228 1141 5282 magna
1173 5216 1298 5269 urbe
1347 5202 1635 5287 Cpolitana
1666 5239 1779 5275 ser-

204 5298 321 5347 vari
378 5311 567 5363 mores,
611 5300 1039 5373 jejuniorumque
1070 5324 1130 5361 ac
1158 5311 1353 5363 rituum
1383 5316 1774 5368 ecclesiastico-

206 5398 326 5436 rum
355 5401 465 5439 esse
486 5389 838 5447 diversitates.
874 5394 1114 5466 Namque
1134 5412 1268 5455 ante
1307 5402 1777 5462 ChristiNatalent

201 5486 327 5528 sunt
366 5481 459 5545 qui
507 5482 787 5536 ordiuntur
835 5487 1101 5554 jejunium
1139 5510 1204 5546 ea:
1228 5496 1313 5548 die
1339 5497 1405 5550 15
1440 5497 1771 5568 Novembris,

201 5565 302 5618 alii
356 5583 421 5621 ex
459 5570 544 5623 die
573 5570 605 5624 6
632 5571 950 5641 Decembris,
1008 5582 1100 5634 alii
1130 5598 1194 5635 ea:
1247 5585 1347 5650 20;
1411 5589 1480 5639 ad
1524 5565 1771 5645 honorem

197 5673 403 5727 quoque
430 5662 766 5718 Ascensionis
790 5665 987 5722 Christi
1012 5673 1227 5739 quidam
1242 5676 1491 5744 jejunare
1514 5683 1769 5749 incipiunt

195 5765 261 5805 et
282 5750 542 5809 Kalendis
564 5757 707 5822 Maii,
727 5770 775 5812 et
806 5763 913 5815 alia
944 5766 1006 5815 ab
1034 5768 1370 5837 aliisjejunia
1402 5775 1761 5833 observantur.

499 5850 768 5931 Pauor.
801 5853 907 5916 Gut
949 5857 1173 5923 CLVII.

1913 1956 1963 2000 et
1991 1950 2194 2002 varium
2240 1951 2665 2009 indumentorum
2705 1973 2865 2025 genus
2890 1956 3014 2011 vitio
3060 1975 3163 2013 non
3212 1962 3422 2015 verterit
3455 1979 3474 2025 ,-

1914 2043 2173 2109 autquod
2211 2044 2293 2117 illi
2343 2046 2561 2112 ﬂectant
2608 2063 2774 2116 genua
2793 2064 2910 2101 cum
2946 2051 3177 2104 adorant
3215 2061 3265 2105 et
3294 2062 3471 2117 orant,

1912 2142 2177 2186 sementes
2211 2150 2409 2188 morem
2440 2138 2801 2205 antiquitatis,
2834 2154 2928 2192 nos
2952 2156 3069 2194 vero
3098 2143 3332 2197 minime.

1984 2222 2160 2279 Porro
2184 2227 2277 2292 qui
2318 2226 2493 2282 Natali
2530 2229 2800 2298 integram
2832 2232 3305 2302 quadragesimam
3338 2248 3475 2302 prte-

1913 2315 2221 2383 mittebant,
2258 2317 2293 2370 ii
2341 2319 2773 2388 auspicabantur
2803 2337 2834 2375 a
2875 2323 2941 2377 14
2989 2324 3076 2378 die
3128 2323 3473 2392 Novembris,

1913 2412 1972 2457 ut
2006 2408 2283 2471 monachi,
2311 2423 2449 2476 quos
2480 2411 2545 2463 ad
2586 2412 2687 2465 hoc
2712 2414 3003 2481 peculiaris
3026 2419 3214 2486 regula
3270 2418 3480 2487 obliga—

1911 2495 2022 2549 bat.
2060 2497 2329 2563 Monachi,
2354 2501 2534 2570 inquit
2555 2501 2864 2567 Balsamon,
2918 2508 3008 2574 qui
3038 2524 3256 2562 suarum
3287 2511 3478 2578 [unda-

1911 2588 2112 2641 tionum
2145 2592 2606 2647 canstitutionibus
2639 2607 2900 2666 coguntur
2938 2600 3167 2669 amplius
3206 2602 3474 2671 jejunare,

1914 2680 2115 2733 scilicet
2152 2699 2183 2734 a
2208 2685 2340 2752 festo
2370 2684 2617 2740 Omnium
2678 2702 2979 2745 sanctorum
3011 2702 3059 2746 et
3085 2711 3115 2747 a
3166 2696 3232 2749 14
3286 2701 3479 2753 mensis

1907 2772 2232 2837 Novembris,
2266 2776 2345 2828 vel
2379 2778 2532 2832 inviti
2553 2792 2803 2850 cogentur
2832 2771 2981 2853 sequi
3017 2795 3221 2841 statuta
3257 2805 3476 2844 suarum

1909 2862 2299 2929 fundationum,
2324 2869 2570 2936 quoniam
2626 2872 2720 2925 hoc
2739 2883 2814 2926 est
2868 2878 3177 2931 canonicum
3228 2890 3277 2932 et
3329 2885 3447 2935 salu

1910 2961 2062 3017 tare;
2095 2958 2529 3019 quemadmodum
2571 2971 2620 3014 et
2670 2962 2813 3027 laici,
2867 2968 2956 3033 qui
3016 2985 3115 3022 sua
3158 2983 3341 3040 sponte
3404 2977 3477 3027 ita

1905 3038 2333 3108 iejunant,laude
2347 3056 2395 3099 et
2421 3049 2715 3115 gratiarum
2730 3055 2933 3108 actione
2954 3056 3098 3125 digni
3127 3038 3476 3117 habebuntur.

1908 3130 2060 3196 Quod
2092 3133 2308 3190 dicitde
2330 3136 2468 3191 festo
2503 3139 2749 3195 Omnium
2779 3155 3100 3214 sanctorum,
3140 3150 3192 3204 id
3227 3152 3439 3207 referen
3463 3186 3474 3193 -

1909 3223 2037 3278 dum
2061 3234 2142 3279 est
2170 3226 2233 3280 ad
2251 3228 2521 3296 jejunium
2550 3242 2675 3287 ante
2709 3233 2909 3291 festum
2955 3242 3204 3296 omnium
3250 3256 3471 3314 aposto-

1907 3314 2107 3379 lorum,
2137 3319 2282 3385 quod
2312 3319 2486 3376 (ἓνκοὶ
2547 3324 2827 3381 celebrant
2889 3330 3081 3386 ultimo
3160 3334 3247 3389 die
3302 3334 3473 3402 Junii,

1906 3405 2063 3471 cujus
2089 3409 2418 3479 principium
2456 3423 2572 3467 erat
2603 3414 2803 3472 festum
2840 3418 3098 3477 Omnium
3131 3437 3473 3489 sanctorum.

1905 3499 2048 3566 quod
2077 3497 2245 3555 Graeci
2280 3503 2554 3560 celebrant
2609 3510 2781 3576 prima
2834 3511 3117 3574 Dominica
3176 3532 3296 3587 post
3331 3521 3475 3577 Pen-

1908 3597 2144 3645 tecosten
2182 3609 2195 3644 :
2230 3609 2352 3647 cum
2380 3608 2556 3651 autem
2580 3599 2911 3664 Pentecoste,
2936 3608 3221 3665 sitfestum
3251 3617 3473 3685 mobile,

1904 3682 2214 3737 necessario
2258 3688 2421 3740 etiam
2485 3688 2682 3744 festum
2732 3694 2974 3751 Omnium
3039 3714 3339 3759 sanctorum
3389 3682 3475 3764 est

1901 3774 2097 3829 festum
2139 3778 2337 3834 mobile
2361 3786 2500 3850 apud
2533 3785 2776 3853 Graecos,
2806 3808 2951 3849 nunc
2980 3795 3035 3849 in
3057 3797 3215 3866 Maio,
3250 3819 3393 3858 nunc
3417 3806 3469 3858 in

1899 3864 2060 3922 Junio
2113 3881 2427 3929 occurrens.
2490 3875 2605 3942 Quo
2664 3881 2797 3937 iitut
2840 3885 3105 3953 jejunium
3164 3864 3295 3947 illud
3345 3908 3473 3952 ante

1900 4144 2101 4191 tecoste
2135 4140 2186 4193 in
2220 4140 2441 4198 Juninm
2482 4146 2789 4219 incidisset,
2823 4154 3057 4226 longius,
3088 4161 3132 4214 si
3159 4162 3209 4216 in
3240 4163 3463 4222 Maium.

1896 4223 2029 4282 Vide
2059 4229 2320 4301 Typicum
2372 4236 2541 4293 Sabze.

1963 4318 2375 4381 Observandum
2404 4342 2455 4385 et
2487 4333 2607 4395 hoc,
2638 4335 2857 4394 Graecos
2884 4349 3459 4407 commemorationem

1893 4415 2134 4468 omnium
2190 4416 2429 4474 ﬁdelium
2462 4424 2841 4501 defunctorum
2901 4449 3061 4502 agere
3089 4436 3222 4493 feria
3274 4443 3464 4510 quinta

2211 4524 2419 4577 costen,
2452 4524 2509 4568 ut
2534 4528 2747 4573 constat
2800 4535 2863 4575 ex
2897 4524 3036 4580 libro
3071 4527 3255 4585 rituali
3306 4532 3463 4590 Nice-

1896 4592 2072 4661 phori,
2100 4596 2191 4663 qui
2222 4597 2687 4661 Pentecoslarium
2721 4609 3055 4670 inscribitur.
3085 4618 3290 4676 Gusrs.

1967 4684 2108 4740 Ibid.
2146 4688 2516 4762 [“Απόκρεων,
2542 4702 2968 4767 carnispririum,
2992 4710 3260 4769 celebrius
3295 4731 3460 4771 unum

1892 4775 2095 4833 habent
2125 4780 2317 4850 Graci,
2361 4786 2645 4846 Dontinica
2696 4799 3070 4866 sexagesima,
3101 4813 3153 4858 et
3206 4811 3456 4878 κρεωφά-

1890 4885 1983 4935 γον
2006 4875 2358 4943 caminorum,
2395 4882 2438 4933 si
2471 4881 2542 4935 ita
2575 4886 2818 4951 proferre
2850 4890 3028 4958 liceat,
3055 4897 3196 4949 diem
3230 4875 3457 4955 solemni

1889 4958 2168 5018 Paschatis
2192 4966 2351 5022 festo.
2403 4969 2625 5031 Ut-vero
2651 4979 2824 5035 saetis
2885 4988 3155 5052 mysteriis
3206 4995 3455 5060 corporis

1886 5058 1939 5103 ct
1967 5055 2251 5123 sanguinis
2286 5057 2493 5117 Christi
2524 5067 2897 5136 participaturi
2926 5074 3193 5143 jejunium
3246 5055 3450 5149 septem

1884 5144 1966 5196 vel
1998 5147 2236 5218 quinque
2285 5152 2477 5209 saltem
2533 5159 2744 5214 dierum
2807 5167 3135 5233 praemittere
3180 5144 3451 5241 lege-jam

1883 5232 2012 5287 olim
2041 5240 2212 5305 posita
2243 5256 2448 5311 usuque
2487 5232 2819 5304 memoriam,
2847 5268 3063 5309 omnem
3097 5232 3453 5324 praeveniente

1881 5337 2102 5393 recepto
2135 5338 2405 5401 tenentur,
2437 5336 2634 5393 itanon
2660 5357 2824 5396 unum
2845 5346 3131 5415 ἀπόκρεων
3154 5351 3239 5405 vel
3275 5370 3451 5421 κρεω-

1881 5418 2053 5485 φάγον
2080 5421 2222 5475 diem
2265 5440 2359 5493 per
2407 5443 2635 5496 annum,
2669 5435 2761 5488 sed
2795 5449 3062 5505 quatuor,
3098 5457 3249 5497 more
3278 5418 3450 5514 magis

1878 5510 2079 5565 usitato
2109 5528 2416 5573 numerant.
2463 5520 2786 5579 Celebratur
2818 5528 2908 5584 hic
2955 5534 3217 5587 natalium
3253 5546 3306 5589 et
3360 5510 3447 5593 rc-

1876 5608 2232 5663 sun'ectionis
2250 5609 2474 5674 Christi,
2512 5624 2623 5668 tum
2646 5618 2993 5678 dormitionis
3023 5624 3261 5695 Deiparte
3284 5628 3449 5700 festo,

1875 5696 1961 5748 ille
1990 5701 2488 5772 quoticsjejunium
2522 5718 2649 5765 ante
2700 5726 2997 5769 memorata
3059 5722 3349 5783 solemnia.
3383 5728 3452 5777 ob

1871 5799 2181 5845 secuturam
2243 5802 2705 5868 communionem,
2788 5809 3159 5879 auspicantur.

3251 5813 3451 5869 Tomus

3064 5906 3127 5962 11
