4252 6444
266 400 377 465 33.!

1406 394 1799 454 GBETSERl
1844 391 1939 450 ET
1966 390 2197 449 GOARI
2240 389 2471 449 NOTAE.

2434 271 2462 300 υ

3390 385 3491 450 εόἱ

265 532 359 575 τες
388 514 605 580 ἔλεγον
647 530 663 559 ι
703 510 837 574 Δόξα
875 526 977 572 σοι,
998 509 1024 559 ὀ
1053 507 1180 570 θεὸς
1218 505 1394 573 ἡμῶν,
1415 506 1541 571 δόξα
1566 522 1669 569 σοι,
1702 504 1825 569 δόξα
1862 507 1900 561 Α
1931 515 1944 565 l

1811 522 1825 553 ι
1862 507 1900 561 Α
1931 515 2069 565 pune
2103 500 2265 553 simul
2292 500 2444 551 unito
2467 494 2747 564 relinquit.
2778 492 2976 547 Panem
3006 493 3082 546 sic.
3117 498 3490 550 accommoda-

270 602 451 670 Πατρὶ
482 602 574 653 καὶ
601 600 709 669 Υἱῷ
752 600 843 651 καὶ
878 596 1016 666 ἁγίῳ
1053 596 1348 664 Πνεύματι,
1399 613 1416 645 ι
1446 597 1538 649 καὶ
1582 596 1704 648 ἀντὶ
1733 592 1826 646 τοῦ

270 694 420 761 μέγα
450 694 512 744 τὸ
540 693 733 760 ὄνομα,
760 690 819 743 τὸ
846 690 1080 759 Χριστὸς
1112 688 1336 753 ἀνέστη.
1373 687 1475 748 ἓως
1498 688 1595 754 τῆς
1625 686 1827 752 ἀναλή-

260 786 435 853 ςνεως.
484 786 707 837 Ἐκτοτε
735 782 792 835 δὲ
825 783 969 850 μέγα
1002 783 1060 834 τὸ
1089 780 1259 847 ὄνομα
1291 779 1389 846 τῆς
1443 780 1603 847 ἁγίας
1662 778 1829 846 Τριάο

262 877 375 939 δος.
413 876 582 945 Κύριε
632 873 804 943 Ἰησοῦ
839 873 1063 941 Χριστὲ,
1101 870 1288 942 βοήθει
1343 888 1456 943 μοι.
1501 870 1611 923 Καὶ
1655 869 1826 922 ταῦτα

266 971 371 1035 μὲν
399 968 637 1021 ἐτελεῖτο
660 967 853 1030 οὓτως,
880 966 1055 1017 ἐποὶει
1088 965 1143 1018 δὲ
1175 964 1330 1018 τοῦτο
1374 964 1606 1024 ἕκαστος
1649 961 1826 1014 αὐτῶν

263 1060 396 1111 ἔνθα
424 1060 577 1128 ἔτυχε
614 1061 775 1128 μέχρι
809 1058 908 1124 τῆς
932 1058 1241 1126 κοιμήσεως
1270 1055 1368 1124 τῆς
1395 1054 1679 1107 Θεοτόκου.
1700 1054 1825 1105 Ὅτε

257 1153 321 1204 δὲ
354 1151 455 1220 τὴν
482 1152 825 1220 παγκόσμιον
850 1150 1065 1214 σύναξιν
1117 1149 1206 1203 διὰ
1230 1146 1467 1215 νεφελῶν
1498 1144 1825 1213 ἐποιήσαντο

261 1242 354 1294 διὰ
380 1243 479 1311 τὴν
529 1244 627 1310 τῆς
665 1240 932 1293 Θεοτόκου
991 1239 1279 1310 δεσποίνης
1341 1237 1698 1308 μετάστασιν,
1757 1235 1826 1289 τὰ

258 1336 450 1388 εἰκότα
473 1334 793 1397 τελέσαντες
825 1335 963 1402 μετά
996 1334 1095 1402 τὴν
1125 1332 1302 1402 ταφὴν
1359 1330 1551 1400 αὐτῆς,
1581 1329 1824 1399 δηλονότι

261 1427 332 1493 τῇ
363 1426 523 1494 τρίτῃ
574 1424 780 1493 ἡμέρᾳ,
814 1421 1172 1492 παραμυθίαν
1199 1420 1521 1490 ποιούμενοι
1559 1420 1653 1472 καὶ
1686 1418 1825 1489 μετά

268 1517 333 1567 τὸ
355 1518 579 1585 ἄριστον
609 1514 965 1577 ἀναστάντες,
1015 1514 1075 1567 sb
1120 1514 1317 1584 τμῆμα
1372 1512 1465 1565 τοῦ
1523 1512 1691 1581 ἄρτου
1728 1511 1823 1562 τοῦ

264 1609 345 1668 εἰς
376 1607 550 1675 ὄνομα
576 1606 836 1675 κειμένου
861 1604 1099 1676 Χριστοῦ
1125 1605 1266 1657 κατά
1305 1604 1364 1657 τὸ
1396 1603 1582 1662 εἰωθὸς
1608 1602 1824 1671 ἁνυψώ-

267 1712 488 1757 σαντες,
547 1698 644 1748 καὶ
697 1695 757 1747 τὸ
796 1694 942 1764 μέγα
991 1695 1051 1748 τὸ
1090 1693 1262 1762 δνομα
1319 1691 1730 1762 προσειπόντες,
1780 1685 1825 1743 ὧ

263 1786 548 1855 θαύματος
584 1785 911 1857 παραδόξου,
941 1786 975 1854 ή
1006 1786 1175 1855 νωιρὰ
1232 1782 1423 1854 ὥσπερ
1475 1783 1641 1846 ζῶσα,
1684 1782 1823 1849 μετά

262 1879 501 1947 νεφέλης
556 1878 647 1932 καὶ
700 1879 1019 1945 φωτοποιῶν
1074 1876 1322 1945 ἀγγέλων
1396 1876 1821 1945 παρισταμένων

264 1972 429 2038 αὐτῇ,
485 1970 575 2021 ἐπὶ
625 1968 702 2038 τῷ
730 1970 850 2038 ἀέρι
900 1970 1269 2037 ἐπιφαίνεται,
1312 1987 1329 2019 ι
1371 1969 1625 2036 Χαίρετε,
1667 1986 1683 2018 ι
1740 1966 1821 2017 1.4.—

263 2078 462 2124 τουσα,
504 2077 523 2110 ι
566 2062 648 2114 ὅτι
678 2061 796 2126 μεθ’
822 2060 976 2129 ὑμῶν
1004 2062 1120 2129 ειμι
1176 2061 1355 2119 πάσας
1390 2059 1487 2119 τὰς
1528 2057 1761 2126 ἡμέρας,
1799 2075 1816 2105 ι

261 2152 427 2203 τοῦτο
462 2152 525 2203 ὲκ
544 2152 638 2202 τοῦ
662 2151 791 2204 Υῐοῦ
821 2152 878 2204 τὸ
907 2148 1200 2220 χαροποιὸν
1250 2148 1431 2209 αὐτοῖς
1486 2146 1819 2200 ἐπιδιδούσα.

263 2245 328 2295 0i
364 2244 421 2295 δὲ
443 2243 679 2312 μαθηταὶ
707 2244 799 2295 τοῦ
822 2243 1098 2313 θαύματος
1133 2240 1525 2308 ἐκπλαγέντες,
1559 2241 1677 2291 ἀντὶ
1703 2239 1819 2303 τοῦ,

259 2335 442 2403 Κύριε
474 2334 652 2403 Ἰησοῦ
713 2334 954 2405 Χριστὲ,
1008 2352 1025 2385 ι
1072 2333 1319 2401 Παναγὶα
1353 2332 1589 2385 «Θεοτόκε
1640 2332 1822 2398 βοήθει

263 2428 419 2494 ἡμῖν,
452 2445 471 2477 ι
501 2425 942 2495 ἀνεκραύγασαν.
964 2422 1096 2477 Εἶτα
1117 2425 1194 2494 τῷ
1227 2426 1382 2495 τάφῳ
1412 2424 1822 2493 προσελθόντες,

262 2519 359 2569 καὶ
403 2517 478 2586 μὴ
511 2517 763 2585 εὑρόντες
793 2516 853 2569 τὺ
879 2516 1145 2582 πανάγιον
1212 2514 1384 2583 αὐτῆς
1447 2515 1627 2584 σῶμα,
1678 2512 1823 2565 ἐπιξ-

264 2606 477 2677 σθησαν
520 2606 735 2675 ἀληθῶς
769 2607 851 2659 ὅτι
894 2606 1185 2675 σύσσιιιμος
1220 2605 1370 2670 ζῶσα
1405 2606 1705 2675 ’τριήμερος
1750 2604 1823 2663 ὡς

259 2700 291 2750 ὀ
342 2698 472 2760 Υἱὸς
526 2699 699 2765 αὐτῆς
752 2699 816 2751 ἐκ
892 2698 1100 2767 νεκρῶν
1158 2699 1439 2751 ἀναστᾶσα
1511 2697 1603 2748 καὶ
1658 2712 1826 2764 μετα-

262 2792 442 2841 στᾶσα
505 2790 583 2851 εἰς
633 2788 897 2858 οὐρανοὺς
971 2787 1379 2855 μεταϐέϐηκεν,
1446 2790 1542 2841 σὺν
1605 2787 1825 2857 Χριστῷ

263 2880 626 2950 βασιλεύουσα
666 2883 746 2943 εἰς
801 2882 924 2943 τοὺς
965 2880 1168 2942 αἰῶνας
1235 2880 1352 2950 τῶν¹
1389 2879 1624 2944 αἰώνων,
1648 2881 1819 2949 ἁμήν.

337 2971 413 3024 Ex
459 2970 741 3027 hislueem
780 2970 908 3025 dare
939 2969 1497 3040 licebitCurOpalataz,
1547 2986 1668 3027 cum
1725 2986 1824 3025 ex-

259 3063 468 3134 plicent
505 3062 757 3131 quidnam
787 3064 1014 3132 paugia
1055 3062 1239 3125 fuerit,
1280 3062 1421 3117 unde
1473 3063 1579 3117 hoc
1628 3075 1821 3115 nomen

1932 602 2042 646 tum
2070 592 2174 645 alia
2200 600 2353 659 parte
2387 589 2524 643 disci
2550 589 2816 655 cooperit.
2862 589 2933 641 Ita
2978 587 3124 640 enim
3176 586 3358 640 discus
3408 588 3495 641 ille

1929 690 2273 750 comparatur
2296 679 2515 733 cardine
2540 692 2606 733 ex
2627 694 2729 731 una
2751 690 2898 746 parte
2917 694 3039 732 cum
3057 678 3351 746 Superioris
3374 693 3493 745 par-

1930 774 1997 829 tis
2018 773 2176 828 oculo
2195 772 2497 841 colligatus,
2538 780 2596 825 ut
2639 770 2797 824 modo
2840 785 3121 836 rapsarum
3163 769 3493 830 includatur,

1927 866 2010 920 sin
2036 865 2217 919 minus
2237 864 2369 919 velo.
2399 863 2557 918 Etsie
2574 866 2797 932 apponit
2833 863 3112 926 inmensa,
3140 864 3191 916 in
3212 878 3315 931 qua
3343 862 3493 915 solus

1927 954 2092 1009 abbas
2118 955 2200 1009 vel
2223 970 2644 1024 proegumenns,
2676 957 2767 1023 qui
2792 956 2999 1009 scilicet
3042 955 3249 1008 abbatis
3269 974 3491 1009 munere

1926 1056 2084 1101 antea
2109 1046 2398 1102 defunctus
2433 1047 2628 1109 fuerat,
2657 1050 2738 1100 vel
2774 1051 2862 1115 qui
2888 1049 3121 1109 abbatis,
3144 1048 3270 1100 dum
3290 1050 3375 1101 ille
3396 1050 3489 1102 ab-

1926 1148 2029 1204 est,
2054 1139 2229 1195 locum
2256 1148 2419 1201 tenet,
2446 1150 2499 1193 ct
2520 1140 2721 1192 δικαίον
2743 1141 3035 1207 appellant,
3063 1140 3285 1194 assidet.
3315 1139 3489 1192 Finito

1927 1230 2159 1299 prandio
2184 1238 2237 1283 et
2264 1230 2421 1297 signo
2448 1230 2575 1283 dato
2630 1229 2681 1282 in
2726 1230 2909 1283 contio
2965 1232 3056 1297 (ita
3130 1232 3229 1299 ipsi
3294 1243 3489 1285 vocant

1926 1322 2306 1391 campanulam
2335 1338 2401 1376 ex
2453 1338 2560 1378 aere
2616 1322 2990 1389 fabrefactam)
3053 1337 3243 1375 omnes
3306 1340 3485 1401 assur-

1926 1423 2078 1483 gunt,
2138 1424 2191 1469 et
2239 1416 2515 1485 conceptis
2568 1414 2820 1480 precibus
2890 1416 3097 1469 discum
3153 1416 3301 1467 illum
3362 1432 3485 1469 cum

1928 1519 2096 1572 pane,
2154 1508 2243 1573 qui
2306 1508 2545 1572 παναγίι
2619 1516 2740 1567 est,
2803 1506 3150 1572 epliemerius
3229 1507 3487 1559 sustoliit.

1926 1593 2270 1650 Postmodum
2332 1606 2573 1650 reserato
2607 1596 2943 1664 panagiario.
3000 1605 3051 1649 et
3101 1597 3275 1649 frusto
3322 1598 3412 1649 illo
3458 1614 3487 1650 e

1927 1703 2063 1756 pane
2088 1689 2270 1744 exciso
2295 1703 2559 1743 converso
2593 1698 2649 1742 ut
2705 1690 2844 1744 mica
2904 1690 3044 1743 nuda
3096 1690 3342 1756 superior
3393 1693 3482 1751 sit.

1927 1789 2219 1848 praesentat
2247 1781 2450 1842 abbati,
2515 1784 2609 1847 qui
2670 1784 2933 1837 extremis
2988 1784 3178 1853 digitis
3224 1783 3480 1836 miculam

1924 1873 2117 1940 arripit
2155 1882 2207 1926 et
2259 1875 2339 1928 ori
2398 1874 2705 1942 impositam
2761 1876 3042 1936 absumit;
3107 1877 3301 1931 deinde
3362 1878 3484 1930 aliis

1926 1961 2203 2015 monachis
2232 1972 2444 2016 servato
2482 1962 2677 2016 ordine
2694 1964 2940 2027 otIertur,
2974 1965 3065 2029 qui
3107 1965 3292 2018 eodem
3326 1966 3485 2018 modo

1925 2052 2173 2105 niicnlam
2231 2070 2293 2107 ex
2364 2056 2673 2124 panagiario
2760 2057 3091 2111 auferuntet
3168 2059 3483 2112 comedunt.

1925 2142 2060 2197 Tum
2129 2145 2296 2199 abbas
2344 2145 2526 2199 vinum
2581 2147 2736 2201 calici
2804 2148 3045 2203 infusum
3107 2150 3265 2212 bibit,
3319 2168 3478 2219 quem

1925 2251 2113 2289 omnes
2148 2247 2478 2304 sequuntur;
2524 2248 2577 2292 et
2605 2240 2793 2307 gratiis
2844 2240 2953 2294 Deo
2997 2242 3131 2294 actis
3180 2242 3483 2297 discedunt.

1925 2326 1987 2379 Et
2016 2327 2102 2382 hic
2126 2338 2209 2384 est
2244 2331 2439 2384 modus
2465 2331 2735 2386 exultandi
2768 2333 3076 2402 panagiam,
3108 2337 3357 2402 quamvis
3389 2337 3479 2389 alii

1925 2416 2028 2469 alio
2052 2432 2271 2487 quoque
2300 2419 2458 2473 modo
2490 2432 2817 2489 praeparent.
2846 2422 2979 2475 ham
3034 2425 3326 2477 saeculares
3356 2441 3478 2479 cum

1925 2509 2152 2562 solemni
2187 2510 2434 2564 convivio
2465 2512 2610 2564 cives
2671 2512 2971 2579 excipiunt,
3032 2524 3154 2581 post
3214 2530 3479 2581 mensam,

1928 2601 1978 2653 in
2010 2601 2287 2655 dexteram
2315 2603 2720 2663 adolescentuli,
2756 2619 2818 2657 ex
2850 2605 2997 2658 clero
3031 2615 3232 2669 tamen,
3285 2614 3479 2676 paulu-

1926 2693 2035 2745 lum
2067 2703 2399 2747 contractam
2430 2704 2480 2748 et
2504 2695 2634 2748 vola:
2652 2695 2885 2748 sinistrae
2927 2697 3230 2764 impositam
3255 2714 3313 2752 ex
3346 2717 3482 2769 pane

1928 2792 2248 2849 pra-parant,
2320 2794 2372 2836 et
2433 2786 2707 2852 conceptis
2763 2788 3013 2852 precibus
3104 2792 3364 2845 sacerdos
3411 2795 3479 2846 ibi

1927 2883 2110 2924 astans
2137 2875 2345 2940 primus
2389 2876 2580 2928 micam
2642 2877 2859 2943 accipit,
2909 2890 3089 2945 postea
3152 2881 3270 2935 aliis
3299 2885 3486 2938 adole-

1924 2979 2085 3021 scens
2108 2970 2391 3038 suggerit;
2443 2971 2584 3037 quod
2644 2983 2889 3025 remanet
2939 2973 3056 3040 ipse
3119 2976 3169 3027 in
3233 2979 3485 3031 manibus

1930 3059 2162 3113 maxima
2188 3076 2310 3115 cum
2347 3063 2695 3117 veneratione
2712 3066 3002 3118 consumit.
3039 3085 3058 3118 ι
3102 3065 3226 3121 Ηωο
3250 3068 3367 3131 iile;
3393 3072 3486 3139 qui

260 3154 559 3225 acceperit,
589 3152 864 3223 quomodo
914 3152 1140 3207 exaltari
1179 3160 1232 3206 et
1272 3152 1488 3221 quando
1550 3147 2044 3221 quibusveCCum
2100 3153 2203 3205 alio
2264 3168 2480 3223 quoque
2559 3156 2725 3209 modo
2787 3159 3080 3225 prmparari
3156 3164 3482 3223 consentiat,

261 3246 444 3299 verbis
510 3242 948 3299 consueverit.A
1001 3241 1509 3313 sanctissimmergo
1582 3243 1819 3311 Virginis

254 3337 527 3407 epitheto,
546 3332 688 3404 quod
732 3342 814 3389 est
834 3334 1083 3403 panagia,
1110 3333 1258 3387 venit
1286 3333 1409 3403 pani
1459 3333 1550 3402 qui
1601 3332 1820 3388 Christo

255 3426 530 3483 asservari
554 3424 782 3489 solebat,
833 3423 994 3494 300
1014 3437 1284 3491 quemque
1317 3434 1503 3491 postea
1571 3425 1820 3494 religiose

258 3518 629 3587 particulatim
680 3515 1060 3571 comedebant,
1085 3513 1252 3577 venit,
1276 3514 1518 3582 inquam,
1579 3516 1821 3582 panagiw

258 3623 485 3664 nomen.
515 3605 965 3660 Transiitautem
1009 3602 1239 3672 panagia
1288 3604 1451 3658 etiam
1512 3604 1581 3658 ad
1640 3614 1823 3673 poste-

257 3702 433 3755 riores
454 3698 693 3755 Gimcos.
742 3698 947 3753 Gnsrs.

331 3790 455 3861 [Dei
478 3788 832 3851 Genitrieem,
857 3803 957 3843 ceu
994 3804 1058 3845 ex
1092 3790 1239 3844 omni
1301 3797 1451 3860 parte
1497 3798 1738 3843 sanctam
1767 3797 1822 3842 et

255 3892 578 3937 sanctorum
612 3881 857 3935 omnium
889 3880 1316 3941 sanctissimam,
1346 3880 1820 3948 ἀντονομαστιχῶς

250 3976 466 4032 δικαία
518 3973 788 4040 παναγεαν
842 3989 907 4027 ex
967 3988 1116 4028 more
1172 3986 1469 4041 nuncupat.
1508 3970 1814 4027 Buccellam

252 4083 480 4138 quoque
503 4068 657 4136 panis
686 4078 833 4121 certo
873 4066 976 4120 ritu
1000 4067 1052 4118 in
1083 4081 1281 4119 mensm
1300 4067 1407 4118 line
1428 4068 1814 4120 comedendum

251 4160 452 4214 eodem
489 4160 710 4212 nomine
745 4157 1014 4225 παναγίαν
1068 4157 1378 4226 religiosior
1434 4167 1591 4211 vocat
1648 4171 1813 4212 usus:

252 4266 351 4301 vas
374 4256 555 4301 autem
588 4250 640 4301 in
686 4262 796 4315 quo
855 4244 1168 4300 reconditur
1199 4245 1279 4301 vel
1306 4260 1336 4299 e
1383 4260 1490 4314 quo
1548 4247 1819 4315 promitur

254 4341 421 4411 panis
443 4337 773 4406 huiusmodi;
812 4336 1188 4406 παναγιάριον.
1234 4336 1532 4406 Imperator
1589 4337 1641 4390 in
1671 4337 1814 4400 aula,

256 4430 510 4484 monachi
545 4430 597 4483 in
634 4428 996 4489 monasteriis,
1020 4427 1213 4495 vulgus
1240 4427 1293 4481 in
1325 4427 1571 4483 ecclesiis
1633 4428 1715 4481 vel
1765 4430 1815 4480 in

251 4522 515 4575 domibus
535 4520 694 4574 ritum
732 4518 879 4574 hunc
927 4518 1215 4587 perﬁciunt
1247 4534 1261 4571 :
1298 4534 1403 4587 qua
1467 4520 1678 4573 ratione
1731 4534 1818 4571 cx-

252 4615 405 4683 plcat
454 4613 771 4681 imperator,
844 4618 1239 4664 commonstrat
1285 4618 1479 4663 auctor
1532 4619 1716 4663 noster
1762 4610 1815 4662 in

250 4703 639 4773 sequentibus.
674 4699 968 4755 Monachus
993 4714 1056 4753 ea
1083 4715 1139 4753 se
1163 4698 1447 4753 devotione
1489 4707 1815 4753 exercentes

252 4796 524 4853 describit
552 4793 956 4850 eruditissimus
980 4792 1210 4847 Allatius
1228 4790 1302 4845 De
1330 4791 1421 4845 lib.
1455 4790 1600 4846 Eccl.
1639 4790 1814 4858 Graec.

254 4889 545 4942 dissertat.
587 4884 643 4950 1,
676 4883 761 4940 his
777 4883 961 4939 verbis
994 4901 1009 4940 ;
1042 4899 1062 4934 ι
1111 4881 1243 4948 Quis
1269 4881 1672 4951 sit§Grrecorum
1721 4883 1821 4937 iste

251 4981 397 5033 ritus
439 4976 627 5045 paucis
650 4974 954 5043 evpediam,
987 4983 1045 5027 ut
1073 4974 1164 5044 qui
1186 4983 1257 5027 tot
1286 4988 1455 5041 nugas
1484 4974 1536 5026 in
1575 4974 1814 5028 medium

251 5066 563 5137 proferunt,
593 5066 700 5135 jam
738 5066 989 5119 desinant
1033 5066 1281 5134 ineptire.
1340 5066 1641 5133 Antequam
1701 5083 1818 5118 mo-

252 5158 421 5214 nachi
445 5158 497 5210 iu
525 5172 772 5211 mensam
802 5157 1118 5225 procedant,
1156 5156 1241 5210 eui
1283 5156 1331 5207 id
1374 5172 1511 5209 onus
1554 5159 1820 5211 incumbit

252 5249 361 5319 (illi
390 5248 686 5316 ἐφημέριον
720 5254 964 5313 vocant),
994 5247 1045 5299 in
1068 5246 1221 5299 disco
1281 5246 1397 5300 sive
1426 5246 1651 5300 scuti-lla
1719 5248 1815 5315 (illi

250 5349 580 5407 nuncupant
610 5337 983 5407 παναγιὰριον)
1015 5347 1297 5406 acceptum
1319 5352 1513 5405 panem
1536 5337 1601 5389 ad
1645 5339 1819 5391 instar

247 5432 440 5489 crucis
470 5433 521 5484 in
553 5439 787 5499 quatuor
845 5429 1036 5483 dividit
1071 5440 1251 5494 partes
1305 5431 1563 5497 aequales,
1624 5444 1685 5483 ex
1723 5446 1822 5484 an-

244 5523 383 5592 gulo
410 5522 654 5576 interiori
682 5521 837 5590 panis
870 5520 1140 5574 abscindit
1189 5520 1423 5574 frustum
1495 5520 1672 5573 cultro
1715 5520 1820 5573 eir-

247 5616 525 5678 cumiens,
562 5615 698 5669 adeo
726 5622 780 5667 ut
812 5627 873 5666 ex
910 5628 1013 5665 una
1042 5622 1190 5680 parte
1240 5613 1424 5679 anguli
1470 5612 1817 5665 acuminatus

244 5711 351 5769 sit,
392 5722 456 5761 ex
487 5706 657 5760 altero
688 5704 944 5760 circulari
974 5704 1141 5774 ﬁgura
1166 5705 1415 5773 trigonus
1466 5702 1818 5773 imperfectus

248 5809 551 5872 appareat;
577 5809 628 5853 et
651 5800 729 5854 sic
759 5800 1001 5853 excisura
1028 5812 1129 5851 suo
1163 5797 1281 5851 loco
1302 5811 1404 5850 una
1435 5810 1557 5850 cum
1605 5793 1818 5865 reliquo

1927 3258 2086 3310 quem
2131 3244 2245 3313 ipse
2280 3247 2625 3301 observatum
2668 3250 2921 3316 probavi,
2953 3261 3172 3319 accepta
3226 3254 3323 3312 virj
3352 3256 3486 3306 auii-

1932 3334 2131 3389 cissimi
2153 3336 2329 3401 venia,
2362 3338 2707 3406 subjungam.
2736 3337 2961 3394 Remota
2985 3356 3170 3397 mensa
3200 3359 3228 3397 e
3254 3344 3483 3400 fratrum

1930 3433 2069 3476 cmtu
2103 3423 2277 3487 aﬂuit,
2301 3426 2390 3493 qui
2425 3427 2559 3479 alios
2597 3426 2912 3492 poenitentia
2954 3430 3252 3495 prmmissa,
3286 3432 3485 3486 boccst

1928 3518 2171 3583 corporis
2209 3517 2582 3569 incurvatione
2612 3528 2925 3579 veneratus,
2956 3519 3092 3572 dixit
3126 3536 3138 3571 :
3177 3521 3482 3587 Εὑλογείτε.

1932 3608 2168 3676 Πατὲρες
2193 3609 2356 3674 ἆγιοι,
2417 3610 2801 3678 συγχωρήσατέ
2869 3628 2957 3678 μοι
3021 3611 3095 3680 τῷ
3153 3613 3480 3683 ἁμαρτωλῷ.

1929 3700 2150 3755 Cunctis
2182 3699 2240 3754 Ὀ
2261 3700 2388 3763 Θεὸς
2412 3702 2761 3770 συγχωρήσῃ,
2795 3703 3266 3769 respondentibus,
3293 3706 3483 3775 imagi-

1934 3807 2054 3844 nem
2086 3791 2146 3844 Β.
2182 3790 2419 3861 Virginis
2449 3793 2500 3844 in
2535 3808 2690 3845 muro
2716 3793 2948 3860 positam
2972 3795 3207 3850 adorans
3233 3813 3296 3852 ac
3326 3799 3484 3852 thure

1930 3881 2309 3949 suifumigans,
2334 3882 2573 3933 vicinum
2598 3880 2812 3948 imagini
2847 3897 3037 3949 panem
3066 3884 3118 3936 in
3137 3884 3292 3938 disco
3329 3902 3487 3954 repo-

1929 3977 2092 4024 situm
2120 3972 2375 4027 extremis
2404 3972 2786 4041 anfertdigitis
2838 3983 2891 4026 et
2945 3975 2995 4025 iu
3054 3977 3295 4030 onmium
3354 3994 3485 4030 con-

1929 4076 2112 4132 Spet‘ttt
2156 4065 2346 4121 elevat,
2383 4064 2567 4118 dicens
2624 4066 2764 4132 μέγα
2816 4067 2873 4116 τὸ
2904 4067 3091 4135 ὄνομα.
3142 4068 3485 4135 Stthjunxcre

1929 4156 2105 4207 cuncti
2143 4156 2236 4221 τῆς
2294 4154 2452 4217 ἁγίας
2503 4156 2748 4221 Ἱ’ς.ιὰὂος.
2810 4154 2902 4207 Illo
2936 4158 3175 4222 παναγία
3232 4159 3481 4222 θεοτόκε,

1931 4247 2109 4314 βοήθει
2136 4248 2286 4311 ἡμῖν.
2318 4243 2661 4312 Respondent
2692 4246 2780 4298 alii
2824 4248 2940 4307 ταῖς
2968 4248 3134 4315 αὐτῆς
3169 4251 3486 4317 πρεσϐείαις

1924 4336 1950 4385 ὁ
1976 4335 2104 4396 Θεὸς
2135 4335 2351 4402 ἐλέησον
2386 4336 2479 4386 mi.
2514 4337 2684 4385 σῶσον
2716 4337 2882 4403 ἡμᾶς.
2931 4335 3048 4388 Mox
3080 4340 3334 4393 omnibus
3389 4356 3483 4394 ac-

1924 4442 2085 4481 censo
2121 4427 2280 4479 thure
2315 4427 2569 4494 expiatis,
2602 4426 2942 4495 τραπεζάρου
2974 4429 3297 4494 refertorurii
3323 4438 3481 4486 obse—

1928 4519 2055 4584 quio
2091 4517 2385 4573 buccellam
2430 4519 2657 4571 divisam
2685 4535 2872 4571 omnes
2941 4536 3365 4589 consumpsere;
3429 4534 3484 4577 et

1925 4625 2213 4662 commune
2236 4610 2483 4673 poculum
2559 4609 2799 4676 lleiparre
2862 4611 3079 4664 nomine
3139 4613 3482 4666 benedictum

1923 4702 2169 4753 devotius
2199 4702 2517 4753 exhausere.
2546 4700 2699 4755 Unele
2745 4701 2910 4753 ritum
2972 4702 3115 4759 hunc
3142 4706 3484 4770 processisse

1926 4793 2183 4844 aﬂirn'anl
2223 4792 2415 4850 Gra‘ci,
2472 4808 2535 4844 cx
2598 4792 2839 4860 ipsorum
2899 4796 3164 4846 sententia
3226 4795 3486 4863 libriSque

1926 4884 2409 4937 retulitGretserns
2441 4900 2576 4937 :uos
2604 4899 2794 4950 preces
2823 4886 3197 4953 adiungo-udas
3222 4889 3484 4954 exposui-

1927 4992 2044 5027 mus
2072 4977 2123 5027 in
2162 4975 2520 5041 Eucliologio,
2571 4976 2772 5043 quibus
2828 4981 3223 5042 expositionem
3265 4993 3481 5032 omnem

1924 5077 1974 5116 rt
2006 5067 2288 5133 myStir-um
2320 5080 2561 5125 sensum,
2599 5075 2712 5116 tum
2748 5067 2999 5132 precibus
3038 5075 3152 5119 tum
3189 5068 3295 5119 ritu
3355 5086 3486 5121 (-on-

1922 5158 2152 5219 clusum,
2188 5160 2398 5210 aliunde
2420 5157 2804 5221 subjunviinus
2837 5173 2899 5212 ex
2939 5157 3224 5225 Synieunis
3252 5160 3487 5214 Thess»

1925 5247 2212 5298 lonicensis
2241 5248 2478 5315 scriptis.
2511 5245 2708 5317 Ceam]

1995 5337 2052 5390 P.
2100 5339 2187 5392 65.
2221 5340 2291 5390 Τὸ
2356 5340 2460 5390 τοῦ
2522 5341 2819 5404 οἱνοχευόυ
2877 5341 3039 5406 φέρει
3102 5341 3482 5395 σκουτέλιωκ

1925 5429 2104 5497 Inepte
2124 5427 2319 5481 Junius
2348 5428 2503 5497 301
2534 5430 2749 5481 vinaria:
2782 5430 2986 5496 cupidis
3026 5431 3299 5485 sculclam.
3354 5431 3483 5484 Nam

1921 5521 2172 5587 οἰνοχεῐον
2197 5532 2278 5571 est
2313 5522 2397 5571 hic
2432 5521 2546 5586 ipsa
2583 5520 2712 5571 cella
2769 5521 2997 5584 vinarit,
3052 5522 3206 5588 cujus
3263 5537 3486 5589 promus

1921 5610 2128 5662 condus
2161 5620 2277 5661 erat
2300 5623 2575 5675 pitu-orna.
2606 5608 2765 5661 Cella:
2788 5625 2917 5677 ergo
2948 5612 3165 5663 vinaria:
3196 5614 3481 5665 scntellnnt

1925 5699 2151 5762 ferebat,
2188 5715 2281 5750 seu
2317 5699 2601 5751 scutellam
2636 5716 2751 5765 qua:
2820 5702 3203 5753 asservabatur
3247 5704 3298 5753 in
3350 5703 3483 5756 colla

1926 5792 2154 5845 \innt'ia.
2190 5791 2350 5845 Forte
2384 5792 2668 5860 legendum
2704 5800 2784 5846 cst
2815 5794 3121 5860 οἰνοχοεῖον.
3154 5792 3347 5849 Gmxrs.
