4252 6444
737 404 845 464 335

1849 403 1927 463 IN
1973 402 2269 464 LIBRUM
2314 402 2409 463 DE
2449 402 2772 461 OFFlCIlS
2812 407 2915 466 ΕΡ.

3884 403 3989 466 336

807 510 945 564 Ibid.
990 510 1374 565 Σκουτέλιον.
1431 508 1673 582 [Disrum
1733 512 1888 566 illum
1928 513 2007 563 νιιι
2062 524 2298 579 ιιτιιιιιειιιι
2334 523 2375 576 Α
2407 512 2587 563 ὺιεηιτιὶ
2621 514 2676 564 l1}
2707 514 3068 567 arcubituum.
3128 513 3312 567 idem:
3347 510 3414 566 In
3476 513 3705 566 crastino
3757 510 3989 566 Sabbato

736 605 1085 674 interpretor,
1121 606 1171 658 in
1229 619 1333 673 qua
1386 604 1568 657 viuum
1612 614 1664 658 et
1718 620 1857 674 aqua
1925 607 2306 673 prnpimutur,

736 712 966 765 cpta-que
996 695 1231 749 bilu'nlis
1267 705 1449 749 mento
1502 698 1567 748 ad
1627 697 1885 748 honorem
1941 696 2307 765 supponitur;

736 792 994 857 οῖνοχεῖον
1033 803 1189 851 vero,
1237 790 1391 858 cujus
1458 798 1540 842 est
1600 790 1711 843 lucc
1778 790 1980 857 patina,
2045 805 2306 859 nusquam

738 882 867 932 llillll
904 893 1059 934 sonat
1086 882 1271 934 cellam
1302 883 1581 945 vinariam,
1620 884 1711 935 scil
1765 882 2011 951 cyathum
2080 897 2191 952 quo
2221 882 2310 933 \i—

737 990 863 1026 num
895 984 948 1027 ct
980 990 1122 1043 aqua
1152 975 1459 1027 oll'cruntur
1495 974 1819 1028 haurientia.
1852 972 2053 1045 Gout.]

809 1063 888 1116 Ib.
929 1066 1214 1118 liranatsa.
1244 1065 1337 1119 llic
1376 1064 1574 1120 Junius
1621 1067 1815 1120 iterum
1851 1075 1995 1121 totus
2026 1068 2082 1120 lit
2113 1068 2304 1137 Syrus,

739 1166 795 1208 nt
826 1166 877 1210 et
904 1159 1061 1226 paulo
1086 1171 1203 1225 post
1234 1158 1288 1211 in
1328 1173 1461 1213 voce
1494 1159 1726 1227 lapatza.
1761 1157 1924 1214 Forte
1982 1162 2147 1215 vestis
2194 1163 2307 1214 tunc

736 1250 981 1300 conferta
1023 1257 1238 1302 cratex
1296 1250 1384 1301 illa
1444 1250 1549 1302 tela
1608 1250 1874 1317 pretiosa,
1941 1266 2076 1304 auro
2140 1252 2307 1304 ἱιιιυτ·

736 1342 956 1403 Stiucta,
996 1357 1157 1409 quam
1192 1342 1307 1394 lluli
1334 1343 1605 1409 gratuitum
1636 1353 1849 1405 ιόςιιιιι,
1885 1352 1942 1396 ιιι
1971 1354 2053 1399 est
2078 1345 2112 1399 l.
2151 1362 2206 1399 ιιι
2238 1344 2308 1399 De

735 1431 1151 1483 cauOuizaIiuue
1186 1432 1241 1482 S.
1298 1432 1502 1496 liitlaci,
1536 1448 1581 1485 c.
1615 1432 1703 1486 ‘20.
1743 1433 1947 1488 Gut-31‘s.

810 1520 949 1573 Ibid.
988 1520 1336 1592 [Γρανάτζα.
1398 1522 1470 1576 De
1528 1540 1633 1591 qua
1687 1523 2066 1594 Bullcugcrus.
2132 1526 2307 1581 Vestis

736 1613 1009 1681 (lpulitaui
1051 1615 1394 1682 imperatoris
1425 1624 1681 1681 grauatza
1741 1617 1907 1681 dicta,
1968 1617 2306 1683 reliqumum

737 1706 1044 1773 principum
1074 1708 1304 1773 laputza,
1339 1718 1595 1776 granatza
1624 1709 1841 1777 quidem
1903 1711 2060 1777 quasi
2100 1710 2235 1763 laxis
2257 1718 2310 1761 et

738 1800 1034 1850 liuentibus
1077 1799 1305 1850 manicis
1341 1799 1525 1852 trabea
1560 1810 1612 1852 et
1644 1801 1804 1854 vestis
1836 1802 2036 1866 nitens,
2073 1815 2135 1854 ex
2172 1802 2308 1855 dua-

737 1890 839 1941 lius
863 1890 1089 1943 vocibus
1126 1890 1278 1959 Syris
1312 1892 1548 1944 charana
1589 1894 1743 1945 tzncli
1775 1911 1789 1947 :
1850 1904 2041 1948 contra
2081 1896 2311 1963 lapatza,

739 1996 837 2048 pro
865 1984 1018 2051 lappa
1058 1984 1237 2045 tzaeli,
1273 1985 1570 2037 constricta
1628 1993 1836 2048 trabea,
1901 1988 2027 2055 quia
2087 1989 2313 2040 tuauiczc

738 2084 895 2127 crant
925 2077 1128 2127 strictae
1153 2074 1281 2127 etin
1320 2087 1517 2126 zonam
1553 2075 1820 2141 itnpactm.
1874 2076 2200 2129 Granatzam
2225 2091 2312 2129 re-

739 2165 845 2216 fert
868 2162 1471 2231 ejusmodigrandioris
1512 2162 1723 2215 nummi
1769 2162 1995 2232 elligies,
2024 2179 2142 2233 qua!
2173 2164 2314 2233 apud

738 2255 1056 2309 Gretsermn
1080 2266 1225 2308 tonio
1248 2255 1314 2307 lll
1341 2256 1411 2307 De
1438 2270 1621 2318 cruce,
1643 2253 1737 2307 fol.
1760 2254 1852 2317 92,
1880 2256 2093 2309 visitur.
2114 2254 2313 2326 Ceam]

810 2339 1198 2417 Quteratquis,
1232 2364 1359 2401 num
1407 2348 1704 2415 imperator
1749 2348 1900 2401 solus
1929 2364 2129 2403 mensa:
2164 2364 2316 2403 σεςο-

740 2443 898 2497 dcrit.
937 2441 1257 2510 ltespontlco
1288 2439 1567 2493 ordinario
1634 2438 1908 2494 assedisse
1928 2442 2127 2505 solum,
2158 2441 2316 2493 adhi-

740 2534 925 2588 buisse
949 2541 1132 2585 tamen
1164 2530 1461 2599 aliquando
1496 2532 1657 2585 etiam
1710 2530 1871 2594 alios,
1905 2539 1963 2584 ut
1989 2534 2315 2602 Augustam,

740 2625 904 2689 tilios,
945 2623 1221 2692 principes
1256 2624 1414 2684 aulai,
1470 2620 1601 2689 quin
1659 2630 1712 2675 et
1775 2622 1981 2691 legatos
2040 2624 2314 2677 variarum

740 2715 1001 2783 gentium,
1040 2722 1098 2766 ut
1146 2720 1365 2767 constat
1415 2726 1481 2765 ex
1536 2711 1811 2778 legatione
1867 2713 2184 2782 Luitprandi
2250 2715 2316 2768 ad

740 2806 1106 2873 Nicephorum
1144 2804 1402 2858 Phocatn.
1439 2801 1683 2857 Mensam
1741 2805 2112 2873 imperatoris,
2140 2808 2319 2874 qualis

739 2893 1013 2961 praecipue
1048 2891 1206 2946 festis
1237 2891 1436 2947 diebus
1462 2906 1583 2946 esse
1611 2894 1773 2957 solet,
1807 2895 2063 2963 graphice
2106 2896 2320 2949 descri-

739 2986 818 3039 liit
844 2984 1235 3053 Luitprandus,
1274 2983 1429 3038 testis
1479 2984 1754 3049 oculatus,
1789 2984 1829 3038 ι.
1855 2983 2145 3039 Vt'Rerum
2227 3000 2321 3054 per

741 3079 927 3132 orbem
973 3087 1247 3145 gestarum
1276 3091 1305 3129 c
1349 3076 1425 3130 5:
1499 3074 1594 3128 Est
1652 3076 1859 3140 domus,
1931 3077 2131 3146 inquit,
2156 3079 2320 3145 juxta

2416 616 2594 659 suncto
2614 608 2771 659 exivit
2790 608 3072 675 imperator
3093 608 3141 658 in
3167 607 3518 660 tribunalibus
3547 609 3605 661 l9
3630 609 3986 660 accubituum.

2415 699 2654 751 (Solinus
2688 699 2778 750 Iil).
2805 698 2876 753 Dc
2898 700 3097 770 origin.
3120 698 3214 767 Cp.
3240 718 3249 751 :
3276 702 3379 753 Καὶ
3403 701 3466 752 τὰ
3501 700 3627 752 δέκα
3656 704 3808 754 ἐννέα
3831 705 3989 754 auo}-

2412 792 2535 843 ὄιτα
2558 792 2649 842 καὶ
2675 792 2731 842 τὸ
2758 793 3028 862 στέψηςλον
3051 797 3238 847 καὶτὸν
3259 797 3384 848 ναὸν
3402 797 3492 848 τοῦ
3514 797 3667 863 ἁγίου
3696 796 3989 864 Στεσανου.

2481 884 2623 938 Ideni
2650 882 3036 953 Luitprandus,
3074 905 3146 951 vx,
3173 890 3226 952 2,
3264 890 3449 942 tlealio
3469 889 3664 957 palatio
3691 889 3989 959 .llagnaura

2409 976 2555 1030 dicto
2584 995 2595 1028 :
2636 976 2729 1028 Est
2759 976 2910 1046 Cpoli
2937 981 3125 1035 domus
3157 982 3361 1050 palatio
3400 985 3647 1046 contigua
3675 984 3821 1035 mira:
3886 1001 3991 1035 nta-

2411 1071 2694 1136 gnitudinis
2727 1087 2788 1121 ac
2810 1071 3245 1138 pulchritudinis,
3313 1091 3435 1143 qua:
3467 1092 3496 1127 a
3548 1074 3745 1131 Graecis
3792 1094 3820 1144 ρ
3878 1078 3992 1128 loro

2409 1159 2437 1209 λ
2468 1164 2636 1227 posita
2657 1160 3092 1232 Megaura,quasi
3120 1183 3305 1235 magna
3329 1184 3461 1219 aura
3498 1184 3590 1235 pro
3614 1170 3741 1219 aula
3770 1170 3993 1222 dicitur.

2410 1258 2560 1309 Hanc
2585 1258 2758 1323 itai;ue
2786 1257 3185 1326 Constantinus,
3220 1272 3330 1315 tum
3366 1264 3425 1315 ob
3462 1263 3818 1330 Hispanorum
3850 1282 3988 1315 nun-

2413 1349 2531 1408 tios,
2563 1351 2650 1416 qui
2692 1361 2811 1403 tunc
2862 1352 3058 1404 noriter
3102 1368 3160 1405 eo
3225 1365 3491 1419 venerant,
3553 1364 3660 1407 tum
3692 1354 3751 1407 ob
3821 1371 3898 1407 me
3942 1363 3991 1403 et

2413 1438 2792 1507 Liutcfredum,
2812 1444 2907 1496 hoc
2932 1445 3083 1496 modo
3102 1445 3281 1511 parari
3300 1445 3485 1512 jussit.
3506 1443 3694 1505 .Erea,
3724 1446 3812 1496 sed
3836 1445 3998 1496 dean-

2414 1542 2529 1583 rata
2552 1533 2792 1599 quaedam
2816 1537 2973 1586 arbor
3009 1546 3128 1589 ante
3164 1537 3496 1602 imperatoris
3550 1535 3727 1588 oculos
3795 1536 3997 1593 stabnt,

2412 1623 2563 1689 cujus
2585 1638 2756 1676 ramos
2785 1624 2967 1676 itidem
2993 1642 3155 1679 a'reos
3181 1628 3370 1679 diversi
3391 1620 3592 1695 generis
3612 1629 3989 1693 denttrata'qnc

2414 1714 2641 1766 rolucrcs
2669 1715 2955 1783 replebant,
2976 1732 3091 1785 qum
3117 1719 3401 1770 secundum
3435 1719 3624 1784 species
3667 1735 3791 1769 suas
3816 1719 3996 1769 tllt'.‘r-

2416 1820 2596 1855 sarum
2634 1807 2805 1857 avium
2838 1824 2975 1861 roces
3035 1808 3361 1860 emittebant.
3428 1808 3492 1860 In
3548 1810 3733 1876 primis
3767 1825 3885 1860 vero
3912 1825 4000 1860 διο·

2348 1871 2387 1923 Β
2419 1893 2548 1945 lium
2574 1894 2879 1961 hujusntodi
2904 1909 3019 1951 erat
3056 1909 3167 1951 arte
3190 1900 3555 1965 compositum,
3590 1909 3645 1949 ut
3665 1900 3713 1950 in
3736 1910 3997 1949 momento

2417 1984 2629 2044 lmmile,
2647 1987 2902 2039 excelsius
2936 1989 3108 2049 modo,
3134 2006 3291 2056 quant
3321 2004 3441 2041 mox
3464 1990 3725 2042 videretur
3752 1986 3999 2040 sublim.'.

2420 2074 2523 2125 Sed
2555 2074 2735 2138 sedile,
2759 2076 2896 2143 quod
2927 2088 3039 2129 erat
3071 2079 3341 2131 immensa:
3390 2076 3796 2146 magnitudinis,
3819 2080 3996 2128 incer-

2418 2173 2528 2216 tttm
2552 2174 2729 2217 utrum
2765 2169 2889 2220 terei
2917 2185 2982 2221 an
3009 2168 3188 2237 lignei,
3245 2185 3418 2221 rerum
3466 2185 3595 2221 auro
3647 2169 3766 2220 tecti
3824 2167 3998 2219 leones

2417 2258 2571 2325 quasi
2604 2258 2989 2312 custodiebant.
3034 2258 3096 2311 In
3132 2260 3229 2312 hac
3255 2261 3418 2328 igitur
3447 2262 3670 2311 duorum
3732 2259 4001 2311 eunuchu-

2422 2365 2538 2400 rum
2575 2350 2803 2402 humeris
2860 2350 3161 2403 incumbens
3201 2362 3320 2403 ante
3377 2352 3714 2411 imperatoris
3764 2367 3999 2417 prcesrn-

2422 2440 2551 2491 tiam
2580 2457 2693 2493 sum
2744 2443 3019 2495 deductus.
3055 2441 3289 2511 Cumque
3310 2444 3361 2495 in
3396 2448 3618 2495 adventu
3674 2459 3787 2495 meo
3818 2442 3996 2495 leones

2422 2533 2652 2600 rugitum
2680 2534 2995 2597 emitterent,
3030 2551 3144 2587 aves
3168 2535 3454 2587 secundum
3488 2536 3682 2601 species
3731 2551 3858 2587 suas
3883 2551 4005 2601 per-

2371 2686 2375 2689 ,
2421 2634 2725 2691 streperent,
2788 2625 2933 2677 nullo
2981 2642 3095 2677 sum
3147 2637 3365 2688 terrore,
3428 2626 3574 2678 nulla
3646 2627 4005 2678 admiratione

2421 2724 2732 2773 commotus,
2770 2716 3016 2781 quaniam
3045 2716 3253 2784 quidem
3278 2732 3343 2769 ea:
3366 2716 3444 2767 his
3485 2716 3722 2768 omnibus
3771 2731 3858 2768 eos
3912 2716 4005 2784 qui

2422 2804 2545 2856 bene
2575 2816 2821 2858 noverant
2844 2808 3044 2876 fueram
3076 2817 3428 2871 percontatus.
3486 2810 3656 2861 Tertio
3681 2810 3856 2876 itaque
3901 2810 4005 2860 im-

2421 2904 2715 2962 peratorem
2750 2912 2944 2963 pronus
2993 2897 3221 2950 adorans
3280 2908 3434 2962 caput
3484 2898 3700 2961 sustuli,
3754 2910 3804 2951 et
3847 2916 4004 2967 quem

2422 2986 2567 3051 prius
2595 2988 2863 3039 moderata
2890 3004 3134 3040 mensura
3159 3005 3191 3040 a
3219 2998 3357 3041 terra
3376 2988 3635 3041 eleuatum
3664 2990 3841 3043 sedere
3874 2991 4003 3055 uidi,

2424 3090 2547 3127 mox
2573 3075 2695 3129 aliis
2732 3078 2973 3129 indutum
3009 3079 3228 3130 vestibus
3259 3094 3410 3144 penes
3443 3079 3628 3131 domus
3673 3080 3894 3148 laquear
3918 3096 4007 3133 se-

746 3169 1190 3237 Ilippodromum,
1225 3167 1524 3235 aquilonem
1556 3184 1754 3230 versus,
1782 3169 1929 3220 mira:
1950 3179 1995 3220 et
2020 3168 2319 3222 altitudinis
2350 3200 2391 3255 ο
2426 3172 2545 3219 dere
2576 3169 2831 3236 prospexi.
2884 3168 3035 3233 Quod
3096 3170 3323 3236 qualiter
3377 3170 3541 3238 ﬁeret,
3611 3173 3840 3240 cogitare
3900 3190 4005 3225 non

740 3270 787 3313 et
810 3260 1245 3328 pulchritudinis,
1265 3275 1383 3327 quia
1407 3258 1677 3311 decannea
1709 3258 1890 3310 cubita
1907 3270 2142 3312 vocatur.
2172 3259 2321 3324 Quod

744 3370 926 3406 nomen
952 3370 1056 3405 non
1090 3352 1153 3404 ab
1186 3367 1260 3415 re,
1297 3352 1387 3404 sed
1420 3366 1485 3403 ex
1515 3350 1898 3419 apparentibus
1935 3352 2110 3403 causis
2134 3352 2325 3403 sortita

742 3454 819 3497 est
846 3460 861 3503 ;
892 3444 1023 3495 δέκα
1054 3444 1191 3497 enim
1222 3441 1420 3507 Grece,
1454 3440 1641 3494 Latine
1674 3443 1870 3503 decem,
1902 3445 2057 3495 ἐννέα
2106 3459 2324 3508 novem;

743 3535 921 3587 cubita
959 3543 1049 3586 aut
1090 3551 1121 3585 a
1155 3533 1394 3586 cubando
1451 3534 1708 3585 inclinata
1760 3532 1837 3584 vel
1886 3542 2103 3585 curvata
2157 3534 2327 3586 dicere

745 3645 1042 3688 possumus.
1102 3621 1213 3675 Hoc
1273 3632 1449 3687 autem
1498 3620 1640 3685 ideo,
1697 3621 1949 3688 quoniam
2007 3622 2213 3688 quidem
2262 3622 2327 3677 i9

743 3731 936 3765 inensar
959 3714 1009 3763 in
1038 3728 1099 3762 ea
1127 3728 1241 3778 qua:
1272 3709 1557 3763 secundum
1608 3723 1819 3761 carnem
1864 3717 1940 3761 est
1974 3707 2039 3761 D.
2065 3708 2137 3762 N.
2198 3707 2327 3761 Jesu

746 3806 946 3859 Christi
982 3805 1259 3856 nativitate
1317 3810 1671 3868 apponuntur.
1697 3798 1764 3852 In
1822 3799 2009 3868 quibus
2044 3800 2330 3867 imperator

748 3912 939 3964 parum
988 3912 1282 3949 eteonvwa:
1337 3908 1438 3944 non
1463 3891 1709 3954 sedendo,
1770 3898 1827 3943 ut
1881 3892 2082 3943 caeteris
2124 3891 2325 3956 diebus,

751 3990 835 4031 την-ι’
878 3987 1222 4034 vwmybrwln
1252 3983 1554 4050 epulantur.
1610 3980 1809 4044 Quibus
1856 3982 1911 4033 in
1969 3981 2150 4033 diebus
2227 3998 2327 4033 non

746 4080 1029 4148 argenteis,
1057 4080 1143 4131 sed
1175 4087 1378 4128 tantum
1405 4075 1579 4127 aureis
1612 4075 1750 4127 vasis
1788 4074 2141 4127 ministratur.
2200 4070 2328 4125 Post

747 4181 915 4226 cibum
945 4180 1114 4221 auten
1152 4169 1324 4220 aureis
1361 4166 1495 4219 vasis
1523 4166 1685 4218 tribus
1734 4175 1859 4219 sunt
1915 4182 2069 4233 poma
2128 4165 2326 4226 delata,

746 4281 859 4331 qu."
893 4264 949 4309 θ’*
975 4258 1309 4312 ’ίηιηιρηδηιη
1353 4260 1555 4326 pondus
1598 4274 1699 4309 non
1758 4258 2029 4309 hominum
2066 4258 2329 4321 manibus,

748 4360 835 4408 sed
870 4369 1110 4420 purpura
1143 4352 1289 4403 tectis
1332 4348 1577 4402 uehiculis
1602 4358 1722 4400 sunt
1748 4347 1939 4401 allata.
1979 4347 2331 4417 Apponuntur

747 4442 1154 4495 autemduohoc
1177 4441 1368 4490 modo:
1399 4438 1452 4489 in
1468 4453 1640 4489 mensa
1654 4454 1743 4504 per
1780 4438 2043 4503 foramina
2070 4438 2330 4504 laquearis

2427 3259 2593 3322 potui,
2622 3260 2723 3310 nisi
2758 3260 2892 3325 forte
2914 3275 2973 3311 eo
3003 3260 3070 3311 sit
3104 3262 3378 3315 subrectus
3404 3262 3605 3329 ergalio
3636 3278 3738 3330 quo
3766 3264 4009 3315 torcula-

2430 3348 2566 3398 rium
2622 3348 2831 3401 arbores
2889 3350 3263 3401 subvehuntur.
3294 3349 3397 3403 Per
3426 3368 3478 3404 se
3493 3362 3671 3404 autent
3700 3352 3834 3405 nihil
3856 3353 4004 3406 locn-

2432 3444 2534 3498 tus,
2565 3440 2812 3507 quoniam
2847 3450 2893 3491 et
2931 3440 2977 3491 si
3010 3441 3178 3502 vellet,
3210 3443 3543 3504 intercapedo
3576 3444 3814 3496 maxima
3856 3446 4009 3496 inde-

2432 3543 2609 3579 corum
2640 3528 2851 3595 faceret,
2892 3530 2953 3582 de
2978 3530 3088 3582 vita
3145 3528 3455 3601 Berengarii
3503 3542 3551 3585 et
3597 3533 3856 3601 sospitate
3915 3551 4009 3601 per

2432 3615 2747 3683 logothetam
2779 3626 2853 3669 est
2898 3625 3256 3684 percontatus.

2503 3704 2627 3757 Erat
2649 3703 2801 3771 (lpoli
2837 3705 2983 3757 aliud
3018 3706 3301 3773 palatium,
3341 3706 3428 3759 cui
3464 3705 3718 3776 πορφύρα
3752 3722 3848 3761 seu
3874 3724 4007 3771 pur-

2430 3814 2564 3865 pura
2601 3810 2819 3860 umnen,
2842 3797 3272 3864 parturientibus
3297 3806 3350 3851 et
3374 3797 3715 3865 parientibus
3764 3799 4008 3865 impera—

2435 3888 2660 3941 tricibus
2691 3886 3040 3939 destinatum.
3082 3888 3234 3940 Anna
3270 3886 3565 3941 Commena
3603 3888 3638 3939 l.
3671 3904 3721 3941 vi
3786 3889 4015 3942 Alesia-

2435 3977 2519 4029 dis
2550 3994 2564 4030 :
2604 3978 2827 4031 Alexius
2858 3975 3178 4031 Comnenus
3202 3979 3423 4030 domum
3466 3992 3718 4033 reversus
3773 3980 3874 4047 τὴν
3911 3978 4010 4048 βα-

2438 4068 2607 4125 σιλίδα
2640 4071 2781 4121 κατὰ
2813 4069 2872 4119 τὸ
2904 4069 3287 4135 ἀφωρισμένον
3322 4069 3487 4121 πάλαι
3539 4071 3657 4130 ταῖς
3694 4070 4013 4131 τικτούσαις

2433 4161 2540 4212 τῶν
2576 4159 2860 4227 βασιλίδων
2880 4159 3085 4227 οἴκημα
3112 4160 3201 4210 ἰπὶ
3232 4162 3349 4221 ταῖς
3383 4160 3569 4213 ὠδῖσιν
3596 4160 3825 4229 εὕρηκε.
3865 4162 4012 4231 Πορ-

2435 4251 2612 4319 φύραν
2652 4251 2809 4304 τοῦτο
2866 4250 3130 4304 ἀνέκαθεν
3189 4250 3567 4321 ὀνομάζουσιν,
3620 4253 3678 4318 ἐξ
3714 4253 3771 4305 οὗ
3816 4258 3910 4305 καὶ
3955 4257 4016 4307 τὸ

2433 4340 2541 4391 τῶν
2564 4341 3077 4410 πορφυρογιννήτων
3099 4341 3267 4410 ὄνομα
3295 4345 3375 4405 εις
3402 4345 3502 4413 τὴν
3535 4346 3865 4415 οἰκουμένην
3902 4346 4015 4397 διέ-

2435 4430 2631 4498 δραμε.
2680 4431 3074 4502 Luitprandus,
3116 4450 3153 4497 ι,
3202 4436 3280 4486 2:
3334 4434 3847 4504 Porphyrogenitum
3908 4451 4015 4488 non

748 4547 849 4587 tres
870 4542 989 4585 sunt
1024 4532 1197 4598 funes,
1230 4528 1453 4597 pellibus
1481 4529 1751 4581 deanratis
1784 4528 1927 4591 tecti,
1963 4542 2078 4580 cum
2112 4528 2325 4583 annulis
2360 4532 2403 4587 1)

2360 4532 2403 4587 ι)
2434 4521 2489 4572 in
2518 4537 2773 4589 purpura,
2800 4522 2887 4575 sed
2908 4525 2961 4574 in
2987 4522 3140 4576 donto
3167 4542 3285 4592 qua:
3325 4524 3601 4595 Porphyra
3624 4529 3848 4592 dicitur,
3919 4545 4018 4579 na-

746 4624 919 4674 anreis
946 4619 1187 4686 depositi,
1216 4619 1303 4686 qui
1341 4618 1508 4680 ansis,
1535 4633 1651 4685 qua:
1676 4619 1730 4669 in
1757 4618 1977 4669 scutulis
2006 4618 2146 4686 (lege
2208 4634 2327 4671 scu-

749 4715 911 4781 tetlis)
943 4712 1240 4779 prominent
1262 4708 1515 4775 impositi,
1553 4708 1932 4775 adjuvantibus
1961 4709 2180 4777 inferius
2201 4726 2326 4778 qua-

747 4816 867 4855 tuor
897 4810 986 4852 aut
1018 4816 1076 4852 eo
1114 4798 1341 4863 amplius
1365 4796 1798 4863 hominibus,per
1857 4797 2111 4860 rertibile,
2186 4800 2325 4866 quod

746 4910 905 4961 supra
929 4892 1261 4959 laquearium
1291 4898 1388 4952 est,
1436 4887 1695 4957 ergaliutn
1751 4888 1804 4940 in
1859 4904 2090 4941 mensam
2147 4889 2327 4941 subve—

747 4987 971 5045 huntur,
996 4980 1277 5047 eodemque
1304 4980 1456 5031 modo
1494 4978 1847 5047 deponuntur.
1902 4976 2024 5030 lla-c
2046 4976 2334 5046 Luitpran-

747 5076 852 5129 dus
889 5092 900 5125 ;
932 5072 1025 5124 sed
1060 5085 1155 5137 pro
1179 5070 1356 5121 cubita
1376 5068 1490 5136 lege
1520 5068 1783 5121 accubita.
1821 5064 2062 5122 Zonaras
2092 5068 2143 5121 in
2200 5069 2328 5122 illud

749 5167 980 5219 caminis
1005 5161 1246 5215 Trullaui
1279 5160 1348 5213 74
1379 5157 1988 5227 ἁκούῦιτα-στρωννύειν
2011 5174 2026 5212 :
2049 5158 2081 5226 ἦ
2105 5175 2167 5211 ’τε
2194 5158 2334 5223 λέξις

748 5260 853 5309 τῶν
901 5257 1201 5308 ἁκουϐίτων
1243 5253 1349 5304 τῶν
1395 5236 1636 5303 Λιτίνών
1698 5252 1843 5301 ἐστὶν
1894 5248 2183 5319 (ἁκούμδω
2228 5251 2335 5316 γὰρ

750 5351 897 5419 παρὰ
945 5347 1235 5416 Ῥωμαῖοις
1260 5346 1319 5397 τὸ
1346 5344 1682 5409 ἁναπίπτω),
1735 5341 1993 5409 σημαίνει
2049 5341 2334 5410 στρώμνας

748 5446 988 5511 ἠρμένη
1029 5444 1101 5501 εἰς
1136 5439 1262 5507 ὕψος
1319 5440 1411 5489 καὶ
1468 5437 1739 5503 μαλακάς,
1799 5433 1970 5489 Αὗται
2015 5434 2070 5486 δὲ
2128 5438 2335 5502 τρυφῆς

750 5540 843 5587 καὶ
890 5531 1158 5599 μαλακίας
1211 5531 1368 5580 εἰσίν.
1415 5528 1670 5593 Ejusdem
1741 5527 1946 5593 palatii,
2004 5526 2147 5592 quod
2183 5541 2209 5575 ει
2276 5527 2335 5579 l9

749 5626 1000 5677 accubitis
1032 5638 1126 5675 seu
1158 5620 1307 5672 lectis
1334 5621 1727 5670 tricliniaribtrs
1754 5630 1944 5667 nomen
1974 5618 2197 5674 invenit,
2231 5632 2337 5667 un:-

748 5718 905 5771 ιιιὶιιίι
925 5716 1123 5768 Paulus
1146 5714 1413 5765 liiacmns
1436 5709 1593 5776 302
1620 5709 1669 5759 in
1699 5707 1871 5759 Leone
1891 5726 1901 5759 :
1919 5705 2193 5759 Silentium
2217 5722 2338 5757 ron-

748 5824 830 5862 tra
861 5818 1071 5859 sttttcitts
1100 5825 1158 5857 at-
1209 5802 1523 5857 renerabiles
1594 5801 1865 5853 celebravit
1900 5802 2097 5873 viconas
2158 5800 2207 5850 in
2244 5799 2337 5847 tri-

2438 4622 2547 4663 tum
2574 4614 2796 4678 appello.
2824 4612 2890 4665 Et
2929 4616 3176 4682 quoniam
3235 4632 3311 4668 res
3366 4619 3615 4683 processit
3637 4620 3686 4668 in
3754 4620 4014 4683 medium,

2437 4703 2574 4773 quod
2588 4703 2650 4756 de
2675 4703 2829 4771 hujus
2860 4704 3294 4774 Porphyrogeniti
3318 4709 3491 4775 genesi
3538 4710 3864 4770 audivimus,
3896 4726 4023 4778 pro-

2436 4796 2685 4863 feramus.
2705 4794 3083 4849 Constantinus
3120 4797 3413 4865 imperator
3439 4800 3732 4867 Augustus,
3759 4817 3825 4852 ea:
3861 4802 4021 4869 cujus

2437 4887 2643 4940 nomine
2678 4884 2852 4954 Cpolis
2882 4896 2957 4939 est
2990 4889 3180 4940 sortita
3234 4890 3766 4955 vocabulumcivitas,
3795 4891 4020 4944 domum

2434 4980 2595 5033 istam
2611 4979 3084 5047 aediﬁcarijussit,
3111 4982 3194 5033 cui
3222 4980 3499 5053 Porphyra
3522 4999 3707 5036 nomen
3735 4984 4019 5051 imposuit,

2436 5070 2698 5138 voluitque
2723 5087 3086 5124 successuram
3118 5073 3414 5126 nobilitatis
3443 5090 3554 5127 sute
3596 5075 3840 5127 sobolem
3895 5077 4022 5129 istic

2441 5161 2493 5210 in
2524 5159 2689 5211 lucem
2740 5160 2972 5227 prodire,
3030 5171 3285 5229 quatenus
3332 5164 3424 5231 qui
3480 5178 3575 5215 suo
3625 5178 3689 5216 ea:
3734 5174 4024 5217 stemmate

2440 5261 2792 5313 nascerentur,
2828 5250 3091 5305 luculenta
3140 5252 3238 5304 hac
3292 5252 3648 5321 appellatione
3703 5252 4027 5323 Porphyro-

2440 5341 2595 5409 geniti
2644 5342 3058 5408 appellarentur.
3138 5344 3244 5396 Alii
3298 5345 3793 5415 porphyrogenitos
3837 5347 4026 5401 dictos

2444 5442 2687 5495 censent,
2718 5434 2858 5500 quod
2893 5443 3044 5500 patre
3077 5435 3404 5502 imperatore
3439 5447 3489 5487 et
3523 5451 3772 5505 purpura
3826 5436 4027 5504 impe-

2442 5522 2559 5574 riali
2585 5526 2892 5577 convestito
2929 5528 3039 5576 nati
3075 5535 3277 5579 essent.
3318 5526 3394 5578 lta
3441 5524 3687 5580 Zonaras
3744 5529 3795 5579 in
3874 5527 4027 5579 (Sun.

2442 5615 2680 5669 stantino
2712 5614 2853 5667 Dura
2883 5635 2893 5668 :
2931 5614 3218 5686 Imperium
3251 5619 3461 5687 reliquit
3493 5618 3664 5671 tribus
3698 5617 3827 5685 ﬁliis
3885 5620 4026 5679 suis,

2443 5722 2567 5772 quos
2604 5709 2815 5757 sustulit
2872 5724 2933 5759 ea:
2988 5709 3216 5777 Eugenio
3263 5717 3480 5778 conjnqe
3525 5728 3643 5772 sua,
3704 5710 4026 5763 Michaelcm

2443 5798 2643 5853 quidem
2668 5808 2713 5849 et
2738 5799 3111 5867 Andronicum,
3146 5804 3355 5863 quando
3387 5804 3555 5855 adhuc
3575 5804 3837 5855 vriratatn
3865 5803 4029 5853 vitam
