4252 6444
256 405 371 468 337

1375 422 1763 482 GRETSERI
1803 423 1898 483 ET
1940 426 2181 486 GOARl
2234 429 2472 489 ΝΟΤιΕ.

3409 433 3512 494 338

253 522 497 585 ducebat,
527 525 685 595 303
718 526 1115 584 Constantinum
1147 550 1263 587 vero
1301 553 1420 589 cum
1447 540 1567 603 jam
1590 541 1822 608 impera-
1851 540 1897 601 Δ
1924 541 2230 607 Christum,
2262 545 2467 600 dictum
2500 547 2843 615 cpiphaniam
2872 563 2964 601 seu
2996 550 3406 617 thmphaniam.
3442 552 3509 606 Et

255 622 355 678 ret,
383 615 601 684 ipsaque
629 621 790 672 etiam
841 621 1076 692 Eugenio
1126 627 1194 677 ad
1255 628 1507 697 Augusta:
1582 633 1826 686 honorem

250 717 452 761 evecta.
494 706 633 761 Hinc
656 711 753 764 iste
779 714 923 766 solas
958 724 1071 767 erat
1129 718 1623 789 porphyrogenitus,
1678 741 1829 791 quem

252 798 435 846 statim
462 796 628 850 etiam
644 810 764 854 ante
781 802 915 856 alios
930 805 1285 873 imperatoriis
1328 812 1620 883 insignibus
1679 831 1832 869 exor-

250 888 420 940 navit.
456 886 660 944 (ΞΜ-πε.

846 990 1073 1046 CAPUT
1122 993 1211 1048 lll.

325 1096 724 1156 Observationes
757 1104 809 1157 in
846 1117 1000 1230 caiztt
1036 1111 1089 1192 8.,
1112 1112 1250 1193 quod
1271 1122 1348 1166 est
1364 1114 1426 1168 de
1460 1114 1756 1184 Epiphania

973 1196 1156 1230 omtm-

973 1196 1156 1237 ommt.

322 1260 384 1313 P.
417 1261 505 1316 64.
543 1264 762 1319 Festum
784 1267 1120 1339 Epiphania),
1174 1274 1275 1329 hoc
1326 1290 1408 1330 est
1462 1282 1826 1348 apparitionis,

249 1352 452 1407 dicitur
480 1355 745 1423 singtilari
786 1366 1072 1434 numequ
1110 1368 1421 1435 ἐπιφάνεια,
1460 1373 1662 1439 plurali
1724 1388 1827 1428 nu-

250 1457 407 1496 mero
469 1457 523 1498 et
576 1463 774 1517 genere
823 1463 1016 1507 neutro
1064 1457 1132 1507 τὰ
1165 1457 1476 1525 ἐπιφάνεια,
1510 1462 1642 1529 quin
1677 1474 1730 1516 et
1760 1464 1829 1515 τὰ

248 1531 535 1597 ἐπιφᾶναι.
569 1536 872 1604 Aliquando
899 1540 966 1593 τὰ
992 1542 1297 1609 θεοφάνεια,
1330 1547 1455 1615 quia
1491 1548 1631 1605 Deus
1659 1567 1828 1621 appa-

250 1622 385 1674 ruit.
419 1622 701 1680 Tribuitur
730 1628 831 1682 hoc
867 1645 1062 1685 nomen
1096 1631 1221 1688 huic
1251 1635 1389 1692 l'esto
1413 1639 1463 1708 l)
1490 1642 1616 1709 quia
1650 1641 1833 1697 Domi-

250 1728 355 1765 nus
377 1728 445 1767 eo
476 1716 564 1770 die
588 1720 758 1788 magis
790 1736 847 1774 se
882 1724 1268 1791 manifestavit,
1300 1728 1355 1799 Et)
1400 1731 1526 1799 quia
1579 1730 1828 1802 apparuit

249 1804 589 1868 hominibus.
623 1813 839 1877 quando
873 1814 1197 1882 baptismum
1230 1834 1294 1873 eo
1328 1822 1415 1875 die
1449 1824 1501 1877 in
1542 1822 1824 1882 Jordanea

1934 635 2113 688 adfert
2142 636 2349 705 aliquot
2380 640 2712 700 testimonia.
2764 656 2995 709 quorum
3045 644 3250 696 nullum
3312 653 3393 699 est
3429 646 3508 709 βαι

1934 743 2068 781 rem.
2095 724 2264 782 Nemo
2285 741 2443 800 negat
2476 733 2821 800 theophanize
2845 747 2941 786 seu
2969 736 3271 803 epipltattitﬁ
3321 739 3507 806 appel-

1933 821 2190 873 lationem
2216 821 2378 874 etiam
2426 823 2695 877 nativitati
2746 824 2911 877 tribui
2962 839 3119 892 posse
3152 842 3166 877 :
3197 836 3324 880 tunc
3361 831 3511 895 enim

1932 912 2184 981 apparuit
2215 911 2479 967 Dominus
2511 916 2654 967 inter
2692 916 2946 970 homines
2973 925 3024 970 et
3061 928 3305 984 pastores
3329 921 3394 973 ad
3450 936 3508 976 se

1932 1004 2119 1064 traxit,
2150 1014 2278 1066 etc.,
2312 1015 2362 1058 et
2391 1006 2442 1057 in
2474 1006 2638 1060 missa
2682 1007 2844 1076 hujus
2879 1007 3000 1076 festi
3055 1010 3251 1078 legitur
3283 1029 3295 1065 :
3327 1013 3508 1081 Appa-

1932 1098 2037 1150 ruit
2068 1098 2239 1167 gratia
2269 1096 2561 1151 Saluatoris
2591 1101 2783 1164 nostri,
2816 1108 2917 1153 etc.
2951 1100 3055 1153 Setl
3086 1103 3378 1156 videndum
3420 1106 3509 1158 hic

1931 1186 2062 1255 quid
2090 1201 2221 1242 usus
2254 1189 2661 1244 ecclesiasticus
2692 1190 2849 1256 ferat;
2881 1194 2973 1261 qui
3002 1201 3161 1253 estet
3199 1194 3295 1247 fuit
3331 1205 3386 1248 ut
3408 1199 3507 1248 ah-

1933 1278 2399 1347 soluteloquendo
2418 1278 2535 1333 dies
2558 1280 2591 1334 6
2612 1280 2857 1335 Januarii
2882 1285 3159 1337 diceretur
3186 1284 3504 1353 Epiphania,

1933 1372 2093 1440 idque
2124 1388 2343 1441 propter
2375 1384 2481 1427 tres
2509 1389 2705 1429 causas
2735 1376 2891 1429 initio
2920 1376 3116 1440 dictas,
3136 1378 3237 1431 etsi
3259 1378 3350 1430 alii
3373 1379 3506 1431 alias

1931 1479 2121 1519 causas
2158 1465 2329 1530 magis
2359 1465 2728 1519 :tttendebant.
2763 1466 2822 1518 Et
2853 1469 3011 1535 pauci
3043 1472 3312 1534 erantqui
3338 1469 3504 1522 Nata-

1931 1556 2032 1610 lem
2058 1556 2265 1610 Domini
2287 1557 2625 1611 celebrarent
2652 1559 2739 1611 dic
2764 1558 2795 1611 6
2823 1557 3066 1612 Januarii
3102 1578 3113 1623 ;
3150 1569 3201 1613 et
3234 1558 3346 1613 fere
3367 1561 3505 1613 intra

1929 1648 2220 1717 Egyptum
2259 1648 2374 1700 haec
2423 1652 2763 1702 consuetudo
2796 1653 3269 1718 conscribebatur,
3311 1662 3367 1705 ut
3425 1661 3509 1705 est

1930 1739 2073 1808 apud
2100 1739 2449 1801 Cassianum,
2485 1740 2676 1793 Collat.
2712 1741 2797 1804 10,
2829 1743 2881 1793 2.
2905 1742 3118 1796 Profert
3141 1744 3503 1797 Casaubonus

1933 1830 2111 1883 locum
2141 1845 2204 1883 ex
2229 1831 2475 1884 oratione
2505 1830 2880 1897 Chrysostomi
2907 1833 2958 1886 in
2994 1832 3234 1886 Natalem
3269 1835 3502 1899 Itotniui,

246 1894 463 1953 Joanne
514 1903 775 1969 suscepit,
805 1906 859 1973 5)
896 1910 1037 1975 quod
1070 1925 1135 1963 eo
1162 1913 1249 1966 die
1304 1913 1558 1970 Christus
1617 1928 1821 1973 mutata
1859 1893 1897 1947 Β
1930 1920 2131 1981 tom.V,
2167 1918 2481 1983 Swilliano,
2518 1936 2567 1987 p.
2592 1893 2715 1985 5-H,
2749 1922 2836 1974 ubi
2865 1922 2998 1974 dicit
3023 1922 3107 1974 vis;
3124 1923 3381 1975 decimum
3408 1941 3503 1975 an-

247 2003 392 2055 nqua
424 1991 477 2043 in
505 1992 687 2047 vinum
717 1996 1032 2054 hominibus
1055 2017 1113 2057 se
1148 2004 1589 2063 manilestavitin
1616 2013 1824 2080 nuptiis

247 2078 415 2132 tTanaa
470 2081 727 2140 Galilazze.
781 2088 974 2144 Latina
1018 2093 1260 2149 Ecclesia
1297 2111 1487 2153 omnes
1510 2100 1608 2156 has
1627 2078 1825 2158 causas

247 2173 414 2241 hujus
447 2176 551 2231 diei
602 2182 869 2249 sequitur,
911 2196 964 2238 ut
998 2196 1140 2255 patet
1164 2204 1225 2242 ex
1258 2190 1533 2247 Bt-eviario
1559 2193 1822 2248 Romano.

246 2264 424 2320 Graeci
460 2267 657 2324 festum
689 2273 791 2329 hoe
859 2278 1043 2331 colunt
1092 2283 1371 2345 potiSsitlte
1412 2287 1481 2339 ob
1531 2290 1821 2342 secundum

245 2372 470 2414 causam
506 2377 669 2416 :nam
706 2368 1103 2433 apparitionem
1126 2374 1515 2442 magislactam
1549 2379 1825 2435 celebrant

247 2451 365 2503 inso
390 2453 586 2508 natalis
619 2454 821 2511 Christi
849 2459 1009 2525 festo,
1030 2462 1099 2517 25
1132 2462 1465 2534 Decembris,
1500 2481 1560 2525 ut
1593 2480 1740 2540 patet
1758 2487 1822 2528 ex

248 2540 488 2598 Menaeis.
522 2544 577 2599 S.
604 2546 1054 2619 Chrysostomus,
1088 2555 1247 2611 Hom.
1280 2559 1346 2614 de
1377 2561 1647 2629 baptismo
1669 2564 1825 2619 Chri-

245 2638 312 2689 Sti
347 2653 361 2687 :
394 2636 568 2701 Quam
600 2642 659 2693 ob
690 2658 908 2697 causam
957 2646 1066 2700 hac
1110 2651 1471 2723 (solemnitas)
1512 2656 1821 2723 ἐπιφάνεια,

247 2728 351 2782 hoc
372 2739 455 2783 est
473 2732 758 2799 apparitio,
784 2738 1083 2802 appellatur
1107 2741 1129 2794 ?
1151 2741 1291 2805 Quia
1319 2747 1564 2799 nimirum
1587 2765 1692 2801 non
1715 2766 1827 2802 om-

246 2818 398 2889 nibus
439 2822 755 2889 manifestus
789 2836 864 2878 est
895 2827 1153 2893 redditus,
1180 2851 1298 2885 cum
1324 2849 1483 2902 partu
1519 2848 1594 2890 est
1629 2840 1822 2902 editus,

243 2912 337 2962 sed
372 2927 490 2963 cum
520 2924 597 2967 est
626 2915 926 2982 baptizatus
959 2939 972 2973 :
1010 2939 1135 2976 nam
1162 2930 1232 2977 ad
1278 2929 1415 2980 [tunc
1472 2946 1632 2999 usque
1685 2934 1823 2986 diem

246 3000 402 3069 eulgo
427 3013 539 3055 erat
566 3005 797 3088 ignotus.
828 3008 972 3064 Nam
1001 3014 1327 3083 incognitum
1352 3035 1467 3071 eum
1496 3024 1661 3088 fuisse
1705 3024 1823 3076 vul—

243 3109 331 3161 go,
368 3099 533 3163 neque
565 3086 809 3165 q'uisnam
841 3112 975 3156 esset
1000 3103 1278 3177 plerosque
1333 3112 1565 3179 sciuisse,
1619 3125 1824 3168 constat

1927 2029 2048 2065 nunt
2067 2015 2173 2083 agi,
2209 2030 2325 2065 cum
2355 2015 2593 2077 ecclesia,
2628 2016 2683 2066 in
2708 2032 2810 2083 qua
2847 2016 2980 2067 lianc
3011 2018 3305 2069 orationem
3346 2018 3502 2081 dixit,

1926 2106 2117 2174 festum
2140 2107 2335 2158 natalis
2360 2106 2618 2160 celebrare
2657 2110 2872 2176 cmperit
2918 2110 3154 2176 diemque
3200 2112 3495 2163 nativita:is

1924 2198 2238 2266 cognoverit.
2276 2197 2378 2251 SCli
2410 2199 2588 2251 oratio
2635 2200 2746 2253 lucc
2798 2215 2903 2253 non
2961 2208 3045 2254 est
3100 2202 3500 2270 Cltrysostomi.

1925 2289 2081 2343 Patet
2106 2290 2156 2359 Ι)
2183 2307 2249 2344 ex
2289 2291 2449 2361 stylo,
2480 2291 2535 2359 2)
2570 2293 2696 2360 quia
2733 2291 2884 2361 Cpoli
2912 2303 3036 2346 ante
3067 2292 3124 2346 S.
3171 2294 3506 2364 Chrysosto-

1923 2399 2073 2437 mum
2104 2382 2299 2436 festum
2362 2384 2660 2437 nativitatis
2694 2389 2979 2453 agebatur,
3013 2396 3068 2438 ut
3104 2397 3245 2454 patet
3275 2402 3336 2439 es
3376 2402 3503 2440 ora-

1927 2474 2071 2527 tione
2105 2473 2430 2528 Naziauzeni
2460 2476 2513 2528 itt
2549 2473 2803 2528 Natalem
2827 2475 3112 2530 Dominiet
3162 2492 3225 2530 ex
3276 2478 3379 2531 alia
3450 2481 3504 2530 in

1925 2563 2374 2617 dientLuminunt.
2411 2565 2463 2631 5)
2495 2563 2631 2629 Quia
2658 2564 2770 2632 ipse
2803 2575 2993 2618 auctor
3041 2565 3198 2631 hujus
3254 2568 3491 2621 homilie

1925 2656 2053 2710 dicit
2075 2657 2308 2710 natalem
2329 2656 2659 2728 celebratum
2681 2666 2735 2709 et
2766 2656 3041 2726 cognitum
3078 2657 3247 2712 fuisse
3269 2674 3299 2711 a
3315 2657 3501 2712 Thra-

1925 2748 2006 2801 cia
2038 2762 2209 2814 usque
2241 2747 2443 2801 Gades.
2486 2750 2552 2801 At
2580 2747 2767 2817 Cpolis
2792 2758 2874 2802 est
2900 2749 2950 2801 in
3005 2747 3261 2805 Thracia.
3319 2748 3504 2819 Neque

1926 2840 2031 2893 alia
2066 2839 2369 2909 epiphaniae
2398 2839 2493 2892 fuit
2532 2840 2672 2894 ratio
2701 2840 2733 2893 6
2762 2839 3011 2894 Januarii
3046 2856 3209 2909 quam
3244 2858 3388 2895 nunc
3410 2843 3500 2905 sit,

1926 2933 2029 2986 nisi
2096 2933 2235 3001 apud
2268 2948 2474 3000 paucos
2505 2947 2707 3002 eosque
2741 2933 2855 2987 lere
2888 2933 3197 3005 Egyptios,
3233 2937 3324 3003 qui
3352 2945 3505 2988 nata-

1926 3024 2028 3079 lem
2066 3023 2277 3079 Domini
2302 3024 2334 3078 6
2356 3023 2599 3077 Januarii
2625 3026 2869 3079 obibant.

1996 3115 2311 3186 Appellatur
2333 3116 2520 3169 eadem
2550 3116 2890 3186 ,Epiphanize
2944 3120 3261 3174 solemnitas
3309 3120 3503 3187 festum

241 3200 307 3237 ex
342 3186 461 3238 istis
488 3185 714 3265 J‘oannis
734 3189 991 3259 Baptistae
1040 3191 1205 3251 verbis
1263 3198 1462 3256 Joan.t
1497 3218 1511 3255 :
1551 3223 1568 3254 t
1619 3207 1821 3261 Medius
1852 3225 1895 3284 ο
1928 3185 2234 3273 Luminum,
2259 3216 2371 3263 tum
2397 3209 2467 3262 ob
2493 3185 2846 3277 baptismum,
2881 3220 2992 3263 tum
3046 3212 3172 3279 quia
3197 3185 3499 3266 Christiani

242 3286 472 3329 vestrum
507 3281 671 3344 stetit,
702 3298 851 3350 quem
877 3301 961 3337 vos
988 3289 1217 3344 nescitis.
1259 3309 1275 3340 ι
1301 3290 1437 3355 Quid
1482 3310 1598 3348 vero
1617 3298 1830 3363 mirum,

240 3370 287 3422 si
316 3370 415 3421 alii
446 3387 546 3423 non
573 3384 808 3438 nossent,
828 3377 1038 3444 quando
1067 3379 1217 3432 illum
1248 3383 1408 3435 etiam
1435 3385 1541 3452 ipse
1588 3386 1832 3454 Baptista

240 3462 309 3513 ad
344 3478 463 3514 eum
507 3479 671 3534 usque
693 3466 828 3519 diem
862 3468 1143 3537 ignorabat
1172 3475 1197 3527 Σ)
1247 3492 1264 3522 t
1299 3472 1366 3526 Et
1398 3492 1492 3543 ego
1540 3481 1829 3534 nesciebant

238 3571 390 3618 cum,
430 3573 448 3605 ι
508 3556 702 3626 inquit.
731 3557 957 3630 Latinos
984 3562 1052 3615 ob
1106 3564 1606 3623 manilestationem
1657 3573 1829 3639 magis

241 3643 440 3698 factam
473 3645 575 3701 hoc
612 3646 805 3702 festum
832 3649 983 3705 obire
1013 3661 1161 3720 patet
1186 3668 1252 3708 ex
1302 3656 1542 3713 homiliis
1591 3658 1693 3717 SS.
1730 3662 1829 3717 Pa-

240 3747 410 3802 trum,
432 3736 487 3791 S.
513 3739 888 3807 Augustini,S.
916 3742 1134 3809 Leonis,
1163 3745 1220 3800 S.
1248 3745 1465 3802 Maximi
1492 3761 1547 3803 et
1567 3752 1826 3808 aliorum.

238 3829 398 3883 Patet
429 3830 568 3883 idem
603 3846 673 3898 ex
707 3831 1030 3888 Germanica
1064 3837 1428 3904 appellatione
1467 3840 1633 3909 hujus
1680 3843 1824 3911 festi,

238 3937 360 3988 quae
385 3931 469 3974 est
489 3921 674 3976 Trium
703 3938 913 3992 regum,
938 3925 1032 3976 der
1058 3925 1280 3996 lteiligen
1310 3929 1421 3982 drei
1454 3929 1607 4000 Itonig
1631 3942 1740 4001 tag.
1761 3932 1827 3987 Et

238 4014 441 4079 legitur
469 4010 817 4082 Evangelium
848 4014 905 4069 S.
940 4018 1182 4072 Matthaei
1234 4016 1300 4071 de
1358 4020 1590 4074 adventu
1643 4038 1825 4091 mago-

240 4121 384 4157 rum.
412 4101 524 4158 Nec
550 4104 703 4158 aliter
732 4105 967 4162 haeretici
994 4119 1100 4161 tam
1130 4111 1183 4164 in
1215 4113 1536 4179 quotidiano
1570 4129 1821 4170 sermone

240 4211 409 4264 quam
452 4197 504 4249 in
536 4195 864 4252 kalendariis
911 4201 1024 4255 suis
1082 4201 1185 4256 hoc
1247 4204 1444 4257 lestum
1512 4207 1818 4269 nominant,

236 4304 405 4357 quam
439 4289 532 4341 der
553 4290 776 4358 heiligen
804 4291 917 4344 drei
945 4292 1237 4361 konig-tag.
1267 4295 1394 4349 lntle
1436 4296 1599 4350 etiam
1651 4298 1822 4366 liquet

236 4395 505 4434 numerus
524 4396 826 4448 magorum,
849 4384 933 4435 die
951 4384 1176 4453 heiligen
1193 4386 1305 4439 drei
1319 4386 1531 4455 konige:
1553 4404 1660 4442 non
1679 4389 1817 4443 dici-

236 4480 325 4522 tur
346 4470 435 4522 die
456 4469 681 4540 Iteiligen
706 4473 810 4525 vier
831 4472 1035 4541 kottige,
1059 4474 1142 4527 die
1167 4474 1389 4544 Iteiligen
1413 4492 1582 4530 zween
1608 4478 1811 4548 konige.

1936 3301 2078 3354 diem
2105 3301 2247 3354 hunc
2280 3302 2524 3355 accensis
2548 3302 2720 3355 cereis
2755 3302 3032 3355 celebrare
3068 3314 3502 3356 consueverunt.

1934 3392 2007 3447 Ita
2030 3393 2221 3448 Billius
2247 3402 2437 3448 annot.
2475 3394 2543 3448 ad
2567 3404 2709 3448 orat.
2762 3396 2813 3447 in
2845 3404 3031 3449 sancta
3055 3394 3308 3458 Lumina,
3335 3404 3387 3448 et
3407 3394 3508 3448 Ba-

1934 3486 2121 3540 ronius
2150 3487 2217 3539 ad
2251 3484 2603 3556 Martyrolog.
2645 3486 2801 3540 Rern.
2838 3486 2869 3539 6
2900 3486 3023 3543 Jan.
3061 3486 3166 3541 Sed
3187 3488 3501 3541 exstititeui

1934 3579 2049 3634 haec
2078 3579 2264 3648 opinio
2293 3579 2523 3634 Billiana
2549 3591 2600 3633 et
2641 3580 2950 3633 Baroniana
2985 3594 3093 3633 non
3117 3581 3355 3648 placeret
3381 3590 3503 3631 tau-

1930 3686 2095 3739 quam
2131 3672 2286 3741 longe
2317 3687 2347 3725 a
2373 3686 2499 3725 vero
2524 3673 2667 3726 avia.
2686 3671 2820 3737 Quid
2846 3679 3071 3741 estergo
3100 3670 3296 3725 festum
3319 3669 3506 3723 Lumi-

1931 3776 2060 3813 num
2092 3761 2138 3815 si
2173 3777 2279 3814 non
2321 3762 2625 3830 epiphanize
2658 3777 2753 3816 seu
2802 3762 3057 3829 baptismi
3119 3761 3372 3814 Christi?
3399 3760 3503 3814 lie-

1928 3854 2162 3921 spondet
2191 3868 2317 3909 esse
2349 3852 2548 3908 festum
2580 3871 2689 3924 quo
2719 3855 3013 3922 quomnnis
3036 3853 3333 3908 Christiani
3363 3854 3499 3921 hap-

1929 3943 2163 3997 tismatis
2198 3959 2228 3996 a
2260 3958 2320 3997 se
2378 3944 2624 4012 suscepti
2685 3944 3001 3998 memoriam
3057 3942 3393 3996 recole-bant.
3446 3940 3502 3993 Μ

1929 4033 2124 4100 probat
2149 4046 2214 4084 ex
2244 4032 2941 4101 orationequadragesima
2984 4030 3333 4094 Nazianzeni,
3380 4046 3503 4099 qua:

1926 4136 2009 4182 est
2031 4128 2082 4180 in
2115 4143 2325 4180 sacrum
2351 4127 2688 4193 baptismum,
2722 4128 2810 4181 ubi
2842 4129 2893 4181 in
2934 4129 3051 4197 ipso
3075 4129 3256 4181 statim
3277 4128 3502 4181 exordio

1926 4216 2025 4269 ista
2061 4218 2312 4285 leguntur
2345 4234 2356 4269 :
2395 4215 2528 4268 Heri
2548 4218 2879 4285 splendidum
2912 4220 3171 4271 luminum
3204 4221 3339 4271 diem
3364 4219 3501 4272 cele-

1923 4306 2225 4371 bravimus;
2263 4307 2485 4361 salutem
2503 4311 2640 4361 enim
2666 4321 2900 4363 nostram
2916 4309 3103 4362 ltetitia
3122 4311 3501 4377 proscqut'com

1921 4398 2173 4463 veniebat,
2198 4415 2260 4452 ac
2290 4401 2451 4452 multo
2474 4402 2681 4467 quidem
2709 4404 2876 4466 magis
2900 4417 3058 4470 quam
3100 4401 3276 4453 carnis
3337 4400 3496 4452 amici

1921 4491 2031 4542 dies
2054 4505 2139 4543 eos
2167 4492 2446 4559 quotannis
2474 4492 2732 4544 celebrant
2762 4495 2946 4561 quibus
2970 4493 3045 4546 vel
3071 4495 3182 4545 nati
3217 4492 3292 4545 vel
3313 4494 3500 4545 matri—

307 4559 527 4616 “arose
561 4562 852 4616 admOdum
880 4563 947 4617 de
973 4565 1192 4631 regibus
1221 4566 1812 4624 disserilcaa'alubollus
1834 4567 1894 4629 .D
1923 4581 2097 4632 ntonio
2122 4581 2295 4647 juncti
2320 4591 2461 4645 sunt,
2495 4581 2569 4635 vel
2598 4559 2781 4635 nomen
2805 4594 3134 4651 acceperunt,
3161 4584 3238 4636 vel
3266 4593 3398 4637 certe
3420 4586 3497 4637 in-

234 4654 290 4706 in
323 4654 359 4706 2
380 4653 675 4708 Exercitat.
706 4665 896 4709 contra
931 4654 1244 4721 Baronium,
1273 4670 1326 4711 et
1346 4660 1560 4713 tandem
1580 4676 1645 4714 eo
1668 4662 1814 4715 venit

235 4755 296 4798 ut
330 4746 549 4813 regulos
582 4744 754 4800 fuisse
787 4759 893 4798 non
922 4744 1235 4811 dilliteatur,
1267 4748 1555 4802 dummodo
1594 4750 1673 4803 ita
1690 4735 1812 4804 ien-

233 4839 337 4888 tire
369 4835 446 4890 vel
484 4852 587 4890 non
612 4837 808 4890 sentire
830 4838 1115 4907 unicuique
1138 4839 1206 4891 sit
1240 4840 1485 4907 liberum,
1510 4848 1679 4911 neque
1719 4860 1811 4897 ar-

232 4930 432 4982 ticulus
455 4928 578 4996 fidei
612 4930 733 4982 inde
762 4931 1013 4986 sudatur.
1050 4933 1182 4995 Quis
1240 4947 1337 5001 pro
1395 4936 1629 4990 articulo
1685 4937 1809 4992 lidei

235 5022 342 5074 hoc
376 5020 543 5073 habet
571 5021 593 5073 2
628 5019 956 5075 Communis
981 5030 1037 5076 et
1069 5029 1153 5076 est
1191 5032 1246 5078 et
1280 5022 1383 5077 fuit
1414 5028 1698 5093 persuasio
1746 5028 1811 5081 li-

230 5113 439 5167 delium
475 5126 547 5175 ;a
572 5126 679 5180 qua
713 5122 930 5181 propter
959 5114 1301 5169 ratiunculas
1332 5116 1414 5170 vel
1455 5118 1637 5186 potius
1670 5122 1810 5175 stul-

231 5206 385 5258 tutas
427 5202 812 5258 Calvinisticas
859 5203 1140 5260 discedere
1169 5221 1361 5275 parum
1378 5212 1689 5267 consultum
1717 5224 1812 5269 aut

232 5294 536 5360 expediens
556 5303 663 5349 est.

304 5386 470 5457 305
519 5386 781 5444 Μαι-θείας
804 5392 980 5447 adhuc
1021 5398 1474 5464 grammaticatur
1525 5402 1665 5456 idem
1710 5404 1810 5459 Ca-

232 5481 517 5533 saubonus
530 5481 597 5535 de
613 5483 832 5538 nomine
848 5483 972 5541 festi
999 5487 1235 5543 Exercit.
1264 5506 1313 5545 c.
1341 5492 1431 5545 15.
1451 5492 1806 5563 Epiphaniam

231 5570 381 5623 enim
411 5586 506 5624 seu
539 5573 920 5643 tbeophaniam
955 5581 1135 5646 potius
1187 5594 1495 5652 competere
1539 5587 1806 5642 nativitati

230 5664 440 5717 Christi
472 5682 486 5717 :
514 5669 645 5719 tunc
674 5670 821 5721 enim
855 5672 1017 5724 etiam
1051 5674 1244 5742 ἐφάνη.
1274 5678 1548 5745 apparuit,
1574 5682 1808 5735 maxime

232 5751 569 5818 pastoribus,
591 5760 696 5808 etc.
722 5753 944 5811 Veteres
972 5760 1004 5813 6
1032 5758 1279 5816 Januarii
1304 5766 1606 5822 celebrasse
1638 5769 1801 5824 Nata-

226 5849 341 5901 tem
370 5839 610 5907 Domini,
636 5850 687 5897 et
725 5844 843 5903 ideo
868 5847 1007 5903 diem
1036 5849 1209 5914 illum,
1262 5852 1331 5907 ob
1363 5863 1545 5909 natum
1599 5858 1807 5915 scilicet

1920 4681 1997 4724 ter
2003 4672 2216 4739 juvenes
2246 4674 2443 4726 censeri
2460 4682 2737 4738 cteperunt,
2759 4673 2834 4727 vel
2874 4674 3041 4727 locant
3073 4675 3296 4743 aliquem
3329 4676 3497 4743 primo

1916 4763 2265 4830 incoluerunt,
2295 4764 2371 4818 vel
2398 4782 2705 4834 quacunque
2721 4768 2924 4817 demum
2947 4767 3055 4818 alia
3085 4766 3146 4818 de
3165 4782 3331 4819 causa
3353 4782 3498 4819 mor—

1919 4855 2051 4909 tales
2082 4856 2273 4923 festum
2300 4857 2436 4909 diem
2473 4867 2655 4925 agunt.
2682 4858 2849 4909 Hodie
2878 4858 2940 4910 tle
2970 4857 3226 4925 baptismo
3257 4868 3306 4911 et
3348 4858 3496 4912 bene-

1916 4944 2035 5011 ﬁcio
2055 4943 2173 4996 hinc
2196 4952 2402 5012 accepto
2428 4946 2495 4998 ad
2524 4962 2613 5000 nos
2648 4956 2893 4999 manante
2912 4947 3248 5004 disseremus.
3273 4947 3345 5001 Ex
3371 4949 3491 5017 qui-

1915 5036 2019 5091 bus
2046 5037 2228 5092 verbis
2261 5039 2468 5108 colligit
2503 5041 2692 5106 festum
2715 5039 2999 5094 Luminum
3030 5042 3165 5095 nihil
3190 5041 3335 5095 aliud
3357 5041 3491 5097 luis-

1915 5144 1975 5183 se
2008 5144 2170 5197 quam
2203 5132 2451 5199 baptismi
2477 5132 2542 5185 ab
2578 5146 2907 5201 unoquoque
2942 5134 3188 5202 suscepti
3238 5150 3487 5189 comme«

1916 5221 2299 5275 morationem.
2329 5220 2434 5275 Sed
2469 5222 2813 5291 persuasioui
2842 5223 2965 5276 huic
2992 5224 3281 5279 manifeste
3308 5226 3486 5279 obstat

1915 5312 1969 5366 lu
2002 5310 2192 5382 primis
2226 5310 2455 5380 ipsemet
2482 5311 2876 5376 Nazianzenus,
2911 5313 3003 5381 qui
3051 5313 3249 5368 festum
3294 5314 3482 5367 Lumi-

1914 5421 2043 5459 num
2072 5412 2258 5472 aperte
2290 5403 2532 5456 nominat
2559 5401 2754 5456 festum
2795 5404 3135 5472 oaptismatis
3151 5405 3354 5458 Christi
3382 5420 3475 5457 seu

1912 5493 2396 5565 epiphanise,305
2413 5494 2629 5562 quando
2646 5495 2896 5550 Christus
2922 5498 2971 5550 in
2990 5494 3221 5551 Jordanc
3250 5496 3485 5563 baptiza-

1912 5598 2003 5642 tus
2023 5589 2223 5641 mundo
2248 5587 2530 5655 apparuit:
2557 5586 2636 5640 sic
2654 5588 2797 5641 enim
2820 5590 2925 5641 ait:
2952 5588 3176 5641 Sanctus
3197 5587 3484 5640 Luntinum

1913 5679 2047 5742 dies,
2071 5678 2138 5730 ad
2164 5693 2315 5746 quem
2344 5678 2665 5745 pervenimus
2693 5679 3104 5747 quemquehodie
3135 5679 3308 5732 divino
3338 5677 3480 5730 bene-

1913 5770 2031 5836 ﬁcio
2055 5768 2447 5831 celebravimus,
2466 5783 2558 5833 pro
2590 5768 2849 5836 principio
2877 5768 3085 5837 quidem
3116 5768 3311 5821 Christi
3359 5768 3477 5829 mei,

1911 5862 2004 5916 [ωε
2019 5868 2092 5915 cst
2123 5875 2251 5915 vera:
2273 5859 2423 5926 lucis,
2451 5874 2652 5914 omnem
2671 5860 2924 5914 hominem
2942 5862 2994 5914 in
3014 5861 3259 5915 mundum
3288 5861 3484 5915 t'enicn.
