4252 6444
237 449 336 511 3-H

1323 427 1698 491 CRETSEl‘tI
1739 425 1834 482 ΕΤ
1873 419 2107 479 GOARI
2141 417 2378 476 NO'I‘."l-‘..

3371 392 3472 453 .‘l’t2

233 553 428 608 cttcius
459 549 814 604 calumniator
841 547 1000 616 307
1034 543 1392 597 Casaubonus
1431 538 1599 592 insilit
1633 535 1802 587 Excr-
1835 536 1875 589 Α
1910 527 2039 578 illud
2085 526 2198 592 jam
2253 523 2355 574 sibi
2397 519 2671 571 vindicent
2703 511 2841 584 apud
2868 511 3057 580 vulgus
3087 525 3098 572 ;
3130 508 3262 560 alias
3295 522 3470 572 quau-

233 647 329 697 cit.
365 642 455 704 15,
493 643 545 694 in
572 638 982 694 celeberrimum
1019 633 1306 687 Annalium
1341 631 1688 699 scriptorem,
1717 627 1799 679 in-

231 735 474 802 cinitque
501 732 663 786 etiam
697 738 822 784 ante
859 729 1060 784 Christi
1093 727 1386 780 adventum
1439 723 1568 777 alibi
1631 720 1803 775 fuisse

231 825 410 878 fontes
441 826 676 887 vinosus,
695 832 966 891 testesque
993 819 1178 873 laudat
1210 817 1543 878 Vitruvium,
1563 813 1799 867 Plinium

231 925 286 968 et
313 915 530 983 eclogas
562 905 821 967 Sotionis.
856 913 935 965 Ad
962 910 1094 978 quid
1121 910 1236 964 hac
1268 907 1370 962 nisi
1412 907 1476 960 ad
1506 902 1798 958 texendum

229 1005 604 1059 calumniam?
648 1003 909 1058 Batonius
946 1016 1050 1055 non
1076 1001 1210 1055 dicit
1248 1015 1306 1055 se
1335 1014 1438 1052 non
1483 995 1802 1050 meminisse

229 1097 380 1169 quod
413 1098 602 1167 legerit
635 1098 804 1152 ullum
860 1103 1137 1160 auctorem
1172 1093 1266 1164 qui
1303 1093 1537 1146 fontium
1579 1092 1800 1142 vitioso-

233 1205 357 1244 rum
388 1200 514 1245 ante
541 1191 819 1246 Christum
847 1189 1186 1243 meminerit:
1221 1172 1312 1243 sed
1343 1186 1419 1240 ait
1454 1202 1514 1240 se
1545 1198 1650 1236 non
1688 1197 1800 1234 me-

231 1283 462 1338 minisse
489 1283 633 1352 quod
677 1283 849 1336 ullum
889 1281 1090 1337 Christi
1145 1281 1481 1334 nativitatem
1517 1283 1796 1344 antegres-

233 1391 356 1430 sum
394 1377 602 1444 legerit,
641 1375 736 1444 qui
756 1375 893 1429 duos
920 1388 1084 1443 supra
1115 1389 1182 1427 ex
1212 1370 1512 1442 Epiphanio
1535 1369 1798 1423 adductos

231 1467 413 1522 fontes
435 1479 488 1521 et
521 1468 696 1520 Nilum
727 1469 947 1521 ﬂuvium
976 1467 1033 1521 in
1068 1469 1252 1520 vinum
1281 1465 1575 1534 aliquando
1614 1477 1800 1517 versos

230 1575 357 1613 esse
388 1559 471 1610 vel
503 1559 636 1612 verti
671 1560 971 1626 scripserit.
1012 1559 1074 1612 Et
1102 1560 1202 1612 hoc
1233 1559 1392 1627 longe
1425 1559 1584 1610 aliter
1639 1556 1801 1608 tinnit

229 1666 396 1718 quam
429 1652 569 1719 quod
600 1651 836 1705 Barouio
861 1654 1123 1720 impostor
1154 1652 1526 1706 fraudulenter
1549 1650 1796 1717 imponit.

234 1743 340 1797 Sed
361 1743 568 1797 absisto
624 1743 768 1802 hinc.
803 1758 868 1796 ne
893 1756 1071 1796 actum
1103 1759 1288 1811 agam:
1320 1744 1428 1813 jam
1457 1742 1598 1794 enim
1629 1739 1799 1792 Baro-

232 1836 384 1888 nium
421 1833 489 1888 ab
515 1835 615 1888 hac
645 1845 696 1889 et
729 1835 912 1888 multis
937 1835 1056 1888 aliis
1089 1834 1563 1888 criminationibus
1588 1831 1797 1887 Casan-

232 1926 486 1979 bonianis
513 1923 768 1994 praecl‘are
791 1926 1084 1980 vindicavit
1115 1935 1296 1979 noster
1329 1925 1641 1979 lleribertus
1668 1923 1803 1977 Bos-

228 2019 444 2073 weidus
484 2020 539 2074 in
581 2019 719 2090 Lege
749 2019 968 2073 talionis
1007 2018 1074 2071 1‘2
1109 2018 1415 2071 tabularum
1463 2023 1518 2070 et
1561 2017 1614 2069 in
1643 2014 1800 2068 Anti-

231 2112 446 2177 capello
465 2126 583 2166 suo.

303 2204 549 2258 Fuerunt
579 2213 634 2258 et
667 2204 814 2267 alibi,
871 2204 964 2257 sed
999 2211 1150 2255 extra
1213 2200 1517 2270 epiphanitze
1581 2199 1800 2263 festum,

232 2309 426 2346 amnes
449 2294 624 2347 vinosi
651 2302 705 2346 et
734 2292 910 2346 fontes
947 2293 1125 2346 lactei.
1161 2291 1434 2362 Sylvester
1465 2291 1717 2362 Giraldus
1748 2291 1800 2343 in

231 2381 518 2435 ltinerario
543 2381 906 2447 Cambrite.ll,
946 2384 964 2434 ι
997 2399 1011 2434 :
1048 2381 1160 2434 Hoc
1205 2360 1583 2434 Vmihinotabile
1606 2360 1804 2434 videtur

228 2475 368 2542 quod
391 2474 584 2526 nostris
613 2475 794 2527 diebus
824 2483 931 2527 tam
957 2473 1173 2541 ﬂuvium
1205 2474 1340 2526 hunc
1367 2474 1644 2539 (Altinum)
1687 2477 1802 2523 vino

231 2583 451 2620 manare
488 2585 644 2636 quam
679 2568 892 2633 fontem,
946 2583 1097 2635 quem
1152 2565 1303 2619 Pistil
1365 2566 1535 2628 Duwi,
1567 2566 1802 2632 ﬁstulam

232 2657 407 2710 David
436 2666 642 2717 vorant,
673 2657 754 2709 lac
772 2658 976 2710 stillare
1008 2668 1328 2724 compertum
1353 2665 1451 2709 est.

303 2748 584 2803 Addamus
611 2759 660 2800 et
685 2749 805 2811 hoc,
835 2763 1029 2817 aquam
1055 2747 1329 2813 Jordanls,
1361 2758 1645 2817 postquam
1680 2761 1801 2800 eam

227 2843 485 2896 Christus
503 2850 756 2896 contactu
791 2853 844 2895 et
891 2841 1160 2909 baptismo
1188 2857 1288 2896 suo
1317 2846 1676 2902 consecravit,
1714 2843 1801 2891 in-

229 2935 604 3003 corruptionis
679 2948 902 2986 munere
968 2932 1221 2988 donatam
1291 2949 1460 2988 esse.
1517 2933 1793 2985 lllustriss.

227 3028 490 3093 princeps
515 3023 765 3078 Nicolaus
804 3022 1227 3092 Chrislophorus
1261 3024 1576 3078 Ratlzivilus
1620 3027 1670 3076 in
1697 3039 1800 3077 suo

229 3120 596 3188 "UIIU’pOI'iCO
636 3117 1156 3186 Hierosolymitano:
1213 3117 1416 3186 Aquam
1463 3116 1611 3169 valde
1637 3115 1803 3168 turbi-

1908 618 2195 684 tlocunquc
2250 613 2299 665 in
2360 626 2514 664 usum
2561 611 2803 674 veniunt,
2842 607 3001 675 κηροὶ
3051 612 3102 655 et
3134 600 3303 668 κηρία
3334 611 3472 651 nun-

1908 721 2199 778 cupantur.
2269 709 2437 759 Porro
2483 703 2704 770 λαμπὰς
2761 702 3046 761 hodierna,
3089 711 3186 749 ceu
3252 695 3468 753 festiva,

1908 811 2053 854 tanta
2084 799 2220 852 mole
2245 799 2514 852 conllatur
2548 795 2629 847 vel
2663 792 2943 846 coloribus
2977 790 3216 857 pingitur
3251 801 3314 838 ac
3335 785 3471 837 artis

1909 901 2053 944 tanta
2101 892 2364 944 varietate
2395 888 2696 941 adornatur
2731 892 2787 938 ut
2811 884 2953 935 inter
2982 883 3223 946 reliquos
3282 891 3467 932 cereos

1905 979 2209 1048 ἐκλάμπειν
2234 977 2514 1031 verissime
2545 975 2816 1028 videatur.
2854 971 2989 1025 llinc
3007 971 3171 1040 308
3205 972 3468 1036 virgatutn

1905 1072 2345 1138 vat-legatumque
2375 1081 2512 1136 opus
2544 1080 2700 1119 cereo
2725 1066 2777 1116 in
2807 1067 2906 1116 hac
2929 1062 3218 1115 festivitate
3239 1073 3473 1112 succcn-

1903 1163 2080 1218 dendo
2108 1171 2261 1215 vetus
2284 1170 2336 1214 et
2366 1175 2394 1213 a
2425 1160 2722 1228 majoribus
2742 1171 2957 1225 accepta
2981 1155 3238 1225 partemin
3258 1167 3474 1218 compa-

1904 1266 2004 1311 rat.
2025 1256 2096 1308 De
2117 1255 2205 1308 illo
2228 1268 2441 1323 quoque
2462 1269 2560 1307 nos
2580 1254 2698 1305 loco
2721 1251 2945 1320 praefato
2969 1249 3249 1303 nonnulla.
3268 1244 3467 1312 Cosani

2507 1365 2731 1421 CAPUT
2777 1364 2866 1419 IV.

1951 1461 2341 1516 Observationes
2383 1469 2430 1511 et
2469 1459 2842 1524 explicationes
2880 1457 2932 1507 in
2968 1470 3014 1506 c.
3046 1455 3098 1514 9,
3151 1454 3285 1520 quod
3321 1464 3392 1503 est

2320 1531 2384 1582 de
2406 1531 2538 1598 festo
2571 1528 2856 1579 adoranth
2889 1528 3078 1577 crucis.

1975 1625 2032 1675 P.
2064 1623 2153 1676 65.
2185 1619 2317 1674 Vide
2341 1637 2462 1687 qua:
2483 1619 2549 1672 de
2573 1617 2856 1669 Dominica
2888 1614 3230 1667 adorationis
3258 1613 3315 1664 S.
3346 1626 3390 1665 CI
3411 1630 3470 1662 u-

1907 1713 1984 1764 cis
2023 1712 2072 1763 in
2107 1710 2281 1764 media
2315 1705 2747 1772 Quadragesima
2791 1703 3114 1768 scripsimus
3148 1709 3188 1752 t.
3243 1703 3280 1764 Ι,
3324 1702 3386 1753 de
3411 1700 3470 1750 S.

1906 1803 2080 1855 Crucc
2138 1801 2173 1852 Ι.
2217 1815 2255 1858 ι.
2309 1813 2358 1852 c.
2406 1797 2578 1852 67.et
2631 1805 2668 1848 t.
2711 1793 2747 1847 ll
2805 1795 3008 1847 multas
3071 1792 3238 1844 habes
3301 1791 3469 1842 homi-

1836 1868 1876 1920 Β
1909 1893 2006 1945 lias
2036 1908 2062 1944 a
2093 1890 2294 1944 Graecis
2320 1888 2566 1941 Patribus
2598 1886 2696 1938 hac
2723 1883 3002 1937 Dominica
3035 1881 3229 1933 dictas.
3259 1881 3469 1933 (iners.

1976 2004 2121 2058 Ibid.
2145 2003 2424 2075 [Κυριακῇ
2469 2001 2632 2070 τρίτῃ
2664 1999 2770 2049 τῶν
2802 1995 3066 2065 νηστειῶν
3098 1995 3195 2062 τὴν
3230 1994 3472 2062 προσκύ-

1902 2115 2063 2166 νησιν
2117 2096 2457 2162 ἑορτάζομεν
2490 2092 2582 2143 τοῦ
2616 2091 2801 2157 τιμίου
2858 2091 2952 2140 καὶ
2986 2084 3260 2150 ζωοποιοῦ
3316 2102 3471 2135 σταυ-

1907 2191 2026 2258 ροῦ,
2062 2190 2138 2243 ait
2172 2186 2477 2242 Triodium.
2518 2184 2809 2239 Rationem
2848 2183 3136 2250 quaesitam
3161 2179 3470 2246 subiungit,

1905 2291 1963 2334 ut
1993 2296 2124 2334 crux
2149 2279 2432 2339 nimirum,
2484 2275 2754 2345 passionis
2789 2273 2992 2326 Christi
3035 2279 3471 2326 monumentum,

1905 2388 2004 2426 nos
2039 2374 2103 2424 ad
2136 2387 2256 2424 eam
2281 2369 2586 2424 lerventius
2608 2364 2951 2421 austeritatis
2973 2373 3216 2428 tempore
3239 2373 3442 2426 scqncn
3461 2385 3474 2396 -

1903 2465 2264 2523 damcxcitet,
2299 2459 2606 2529 praeteritos
2647 2455 2994 2510 abstinentia:
3026 2453 3245 2506 labores
3277 2465 3474 2503 conso-

1905 2560 2034 2623 piat,
2069 2566 2122 2609 et
2139 2555 2284 2607 velut
2303 2551 2583 2620 paschalis
2610 2547 2899 2602 hilaritatis
2927 2547 3126 2614 pignus
3157 2558 3276 2597 sese
3303 2543 3472 2610 ipsam

1904 2656 2195 2718 proponat.
2228 2647 2420 2699 Plures
2459 2643 2511 2695 in
2543 2642 2646 2694 hoc
2680 2639 2881 2694 festum
2915 2635 3169 2690 homilias
3201 2634 3476 2699 scripsere

1881 2730 2354 2809 'Chrysostomus.
2419 2732 2783 2800 Sophronius,
2838 2727 3158 2782 Theodorus
3212 2724 3471 2784 Studites,

1904 2831 2240 2899 Xiphilinus,
2288 2826 2611 2879 l‘hilothcus
2647 2833 2699 2876 et
2749 2822 2861 2875 alii.
2925 2817 3290 2885 Vulgatiorem
3337 2813 3477 2865 cele-

1904 2922 2120 2977 britatis
2153 2922 2317 2971 ritum
2374 2918 2461 2970 his
2502 2915 2686 2969 verbis
2722 2912 2990 2980 Typicum
3055 2907 3210 2961 Saba:
3270 2906 3476 2958 consti—

1903 3013 2009 3065 tuit
2056 3026 2069 3061 :
2123 3009 2383 3076 κυριακῇ
2456 3005 2614 3074 τρίτῃ
2672 3002 2781 3054 τῶν
2831 3001 3002 3066 ἁγίων
3064 2995 3329 3064 νηστειῶν
3379 2993 3475 3059 τὴν

1906 3103 2282 3173 προσκύνησιν
2309 3099 2640 3168 ἑορτάζομεν
2669 3096 2762 3147 τοῦ
2821 3093 3006 3160 τιμίου
3053 3092 3146 3142 καὶ
3188 3087 3464 3152 ζωοποιοῦ

227 3215 354 3264 dam
387 3180 640 3264 jordanis
677 3211 850 3272 habet,
883 3180 971 3262 sed
997 3180 1280 3269 salubrem,
1305 3225 1421 3277 qua’
1457 3210 1512 3261 in
1555 3225 1676 3261 uase
1711 3223 1802 3260 as-
1831 3192 1877 3251 ο

1797 3192 1877 3251 .C
1912 3191 2168 3258 σταυροῦ.
2202 3188 2493 3252 Δοξολογία
2548 3186 2785 3254 μεγάλη.
2851 3185 3025 3234 ’Ὅταν
3081 3181 3138 3233 δὲ
3197 3180 3476 3248 ψάλλομεν

225 3313 437 3358 servata
469 3319 736 3372 nunquam
762 3302 1132 3368 corrumpitur,
1164 3310 1315 3367 prout
1345 3301 1400 3350 in
1427 3315 1488 3350 ea
1514 3313 1676 3368 quam
1717 3308 1802 3350 at-

227 3396 331 3449 tuli
363 3410 561 3447 mecum
595 3393 958 3446 indubitanter
981 3407 1096 3444 sum
1123 3399 1391 3460 capertus.
1422 3389 1800 3459 Hacinclytus

227 3485 320 3538 ille
354 3485 634 3553 princeps.

300 3578 436 3633 Illud
464 3579 698 3647 denique
728 3577 952 3648 dignum
1004 3592 1203 3631 censeo
1255 3578 1398 3645 quod
1457 3578 1799 3638 observetur,

228 3673 542 3725 Donatistas
564 3671 688 3724 olim
722 3670 774 3723 in
802 3669 986 3723 Africa
1019 3669 1329 3738 epiphania:
1346 3668 1544 3723 festum
1573 3684 1678 3721 non
1711 3682 1799 3722 ce-

227 3766 492 3828 lebrasse,
545 3770 604 3816 ut
640 3769 867 3816 testatur
906 3760 965 3815 S.
1007 3760 1349 3831 Augustinus
1400 3776 1565 3815 serm.
1602 3758 1671 3812 5‘2
1725 3759 1798 3813 De

227 3868 478 3924 tempore
538 3855 622 3910 his
651 3855 861 3908 verbis:
913 3854 1102 3907 Merito
1145 3855 1305 3907 istum
1339 3853 1474 3906 diem
1529 3867 1798 3920 nunquam

226 3948 500 3998 nobiscum
542 3945 774 3998 Itrrretici
819 3943 1117 3996 Donatista:
1183 3942 1446 3996 celebrare
1502 3941 1795 4005 voluerunt,

224 4040 353 4107 quia
381 4039 467 4089 nec
495 4038 752 4089 unitatem
774 4045 975 4098 amant,
1005 4051 1096 4087 nec
1127 4035 1385 4089 Orientali
1409 4033 1681 4098 Ecclesia,
1709 4035 1799 4086 ubi

224 4129 480 4198 apparuit
506 4125 600 4179 illa
626 4125 800 4190 stella,
852 4126 1271 4178 communicant:
1297 4141 1388 4178 nos
1422 4133 1596 4177 autem
1628 4125 1798 4176 mani-

223 4220 556 4287 frstationent
589 4216 801 4270 Domini
829 4225 878 4269 et
904 4214 1194 4268 Saluatoris
1228 4216 1395 4268 nostri
1421 4214 1547 4268 Jesu
1575 4214 1794 4278 Christi,

221 4313 350 4381 quia
380 4310 642 4377 primitias
674 4309 902 4377 gentium
927 4307 1202 4374 delibam’t,
1236 4308 1292 4361 in
1315 4309 1520 4361 unitate
1561 4307 1792 4377 gentium

221 4403 567 4456 celebramus.
598 4400 802 4455 Gnc'rs.

299 4492 359 4545 P.
423 4493 512 4546 65.
565 4489 672 4563 ['0
728 4490 799 4545 se
824 4492 974 4560 μετὰ
1027 4499 1143 4558 τήν
1193 4491 1575 4558 λειτουργίαν
1623 4490 1790 4558 ἁτια-
1827 4530 1868 4583 D

221 4586 404 4652 σμός.
448 4584 656 4654 Aquam
694 4585 888 4639 iterato
925 4584 1198 4639 benedicit
1232 4584 1472 4639 Ecclesia
1517 4583 1703 4638 Grmca
1739 4584 1790 4636 in

226 4675 629 4744 Theophaniis.
659 4676 826 4730 semel
861 4676 1130 4744 pervigilii
1172 4692 1416 4744 vespere,
1451 4685 1503 4730 et
1535 4677 1586 4728 in
1630 4677 1794 4730 missa

222 4769 495 4824 secundo.
557 4767 866 4822 Secundam
934 4768 1403 4820 consecrationem
1465 4770 1637 4836 tangit
1684 4768 1797 4820 lure

220 4863 417 4916 dictio.
471 4861 640 4928 Aquae
695 4860 854 4915 istius
911 4859 1295 4913 benedicendm
1343 4860 1506 4910 ritum
1573 4859 1796 4912 exhibet

223 4953 627 5022 Enchologium
694 4951 797 5007 sub
863 4951 965 5006 hoc
1043 4950 1200 5005 titulo
1249 4966 1261 5001 :
1320 4949 1641 5002 Ἀκολουῡία
1698 4948 1794 5002 τοῦ

223 5045 476 5114 μεγάλου
532 5042 811 5112 ἁγιασμοῦ
853 5041 962 5094 τῶν
1012 5043 1186 5109 ἁγίων
1234 5042 1585 5107 Θεοφανείων.
1625 5041 1794 5097 Oﬂicii

223 5140 548 5204 rituumqne
567 5136 1070 5202 interpretationem
1099 5134 1616 5201 quantuluscunquc
1643 5134 1795 5186 labor

221 5237 416 5286 noster
464 5225 707 5290 adjecit:
739 5223 1132 5277 ecclesiasticis
1183 5221 1252 5274 ibi
1308 5221 1616 5284 elucidatis,
1668 5236 1790 5273 cum

219 5320 439 5376 tiodino
473 5317 755 5372 succincte
795 5317 1103 5370 disserente
1139 5315 1316 5369 aulica
1348 5329 1508 5383 quam
1561 5315 1794 5368 breviter

221 5409 632 5481 prosequimur.

304 5501 448 5555 Ibid.
485 5495 783 5569 [Λαμπάς.
838 5496 911 5549 De
964 5496 1266 5549 luminibus
1315 5510 1474 5550 sacro
1516 5495 1624 5546 τῶν
1676 5495 1791 5561 φεῖ)-

220 5617 333 5650 των
383 5595 472 5649 die
534 5595 587 5646 in
655 5591 898 5646 ecclesia
959 5591 1209 5643 accensis
1268 5588 1541 5656 superﬂue
1597 5597 1794 5640 tractat

225 5690 315 5741 hic
392 5685 736 5740 scholiastes.
818 5683 1054 5735 Adverto
1127 5681 1486 5733 nihilominus
1567 5679 1791 5743 λαμπά-

222 5781 315 5839 δος
357 5790 556 5829 nomen
609 5773 964 5832 solemnitati.
1029 5773 1094 5824 de
1150 5785 1253 5839 qua
1303 5771 1596 5835 loquimur,
1658 5771 1789 5821 ailuu

225 5881 512 5936 proprium
557 5867 646 5919 rrd
673 5866 825 5919 litum
854 5905 863 5926 ,
897 5875 949 5917 nt
982 5865 1120 5918 reici
1173 5865 1272 5918 hoc
1302 5863 1416 5917 solo
1456 5863 1542 5917 die
1576 5878 1683 5919 litt"
1710 5881 1788 5917 usi

1904 3283 2003 3352 τὴν
2031 3281 2366 3346 δεξολογίαν,
2394 3276 2652 3328 ἀλλάσσει
2681 3278 2707 3326 ὁ
2735 3273 2914 3341 ἱερεὺς
2936 3273 3033 3338 τὴν
3069 3269 3263 3337 στολὴν
3284 3265 3474 3327 αὐτοῦ,

1905 3377 1997 3428 καὶ
2034 3371 2216 3426 λαϐὼν
2244 3369 2507 3439 Θυμιατον
2541 3369 2714 3436 Θυμιᾷ
2738 3365 2837 3434 τὴν
2876 3364 3042 3430 ἁγίαν
3066 3359 3352 3430 τράπεζαν
3380 3361 3475 3411 καὶ.

1903 3468 1994 3519 τὸν
2044 3463 2303 3532 σταυρόν.
2347 3457 2460 3513 EiO‘
2509 3459 2650 3511 οὕτω
2707 3456 2977 3524 λαμϐάνει
3024 3454 3188 3507 αὑτὸν
3225 3453 3362 3520 μετὰ
3405 3451 3481 3503 δίο

1906 3574 2035 3609 σκου
2069 3556 2162 3607 ἐπὶ
2182 3556 2279 3622 τῆς
2310 3553 2553 3618 κεφαλῆς
2584 3549 2750 3602 αὐτοῦ
2781 3551 2877 3600 σὺν
2909 3550 2973 3616 τῇ
3004 3547 3167 3615 Θήκῃ,
3200 3548 3291 3597 καὶ
3319 3544 3476 3610 ἐξέρ-

1903 3665 2058 3716 χεται
2087 3649 2150 3697 ὲκ
2184 3644 2276 3696 τοῦ
2313 3641 2612 3713 ἀριστεροῦ
2667 3640 2932 3708 βήματος,
2981 3635 3480 3708 προπορευομὲνων

1902 3739 2052 3807 αὐτῷ
2075 3737 2378 3805 λαμπάδων
2406 3736 2504 3786 δύο
2565 3735 2659 3784 καὶ
2697 3730 2990 3799 θυμιατοῦ,
3039 3731 3134 3781 καὶ
3171 3729 3477 3795 ἀπέρχεται

1902 3832 1981 3891 είς
2018 3827 2306 3898 βασιλικὰς
2333 3825 2530 3886 πύλας.
2559 3822 2920 3891 Ὶέλεσθείσης
2952 3822 3008 3875 δὲ
3039 3822 3138 3886 τῆς
3171 3819 3478 3887 δοξολογίας

1901 3923 1996 3974 καὶ
2044 3920 2137 3972 τοῦ
2208 3918 2520 3988 τρισαγίου,
2585 3917 2735 3983 λέγει
2793 3915 3026 3981 ὁὶερεὺς
3073 3914 3256 3980 σοφία,
3304 3911 3476 3980 ὀρθοί.

1899 4013 2009 4065 Καὶ
2069 4011 2301 4077 λέγομεν
2355 4011 2414 4060 το
2453 4009 2750 4076 τροπάριον
2778 4023 2792 4036 ·
2834 4025 2852 4057 ι
2908 4007 3111 4069 Σῶσον,
3154 4005 3352 4071 Κύριε,
3385 4001 3476 4053 τὸν

1899 4102 2028 4153 λαόν
2063 4118 2156 4153 σου
2190 4101 2285 4151 καὶ
2347 4099 2650 4164 εὐλόγησον
2707 4098 2808 4166 τὴν
2851 4097 3222 4164 κληρονομίαν
3277 4111 3393 4145 σου.
3455 4113 3470 4142 ι

1899 4193 2011 4246 Καὶ
2075 4189 2342 4243 εἰσοδεύει
2371 4192 2398 4241 ὸ
2435 4189 2613 4257 ἱερεὺς
2659 4190 2840 4256 φέρων
2875 4187 2966 4238 τὸν
3025 4189 3182 4253 ἇγιον
3246 4186 3478 4252 σταυρὸν

1900 4283 2214 4353 ἔμπροσθεν
2239 4283 2347 4335 τῶν
2405 4283 2580 4348 ἁγίων
2623 4281 2826 4350 Θυρῶν.
2882 4281 3124 4334 Κάκεῖσε
3173 4295 3477 4346 ιτροευτρε⁴

1901 4376 2185 4437 πισθέντος
2216 4374 2547 4443 τετράποδος
2581 4374 2793 4426 τίθεται
2825 4374 3010 4425 ἐπάνω
3037 4372 3204 4424 αὑτοῦ
3234 4374 3259 4423 ὁ
3289 4372 3475 4438 τίμιος

1900 4467 2153 4536 σταυρὸς,
2233 4468 2329 4519 καὶ
2381 4466 2543 4527 εὐθὺς
2597 4465 2877 4534 ἀρχόμεθα
2928 4463 3223 4531 ψάλλοντες
3255 4478 3271 4495 °
3306 4481 3323 4512 ι
3361 4463 3468 4511 ἰ’ἐιν

1902 4560 2136 4629 σταυρόν
2165 4577 2256 4612 σου
2291 4559 2739 4629 προσκυνοῦμεν,
2768 4560 3040 4609 Δέσποτα.
3078 4576 3095 4607 ι
3119 4558 3227 4609 Καὶ
3256 4556 3475 4616 ἀνοίξας

1898 4654 1996 4718 τὴν
2029 4651 2205 4719 Οήκην
2259 4650 2486 4716 ἄρχεται
2548 4647 2872 4714 προσκυνῶν
2918 4643 3255 4713 ὁπροεστὼς
3305 4644 3398 4694 καὶ
3450 4646 3476 4692 ὁ

1900 4742 2104 4810 ἱερεὺς,
2141 4741 2428 4809 βάλλοντες
2464 4741 2761 4807 μετανοίας
2815 4741 2963 4807 τρεῖς
3002 4737 3342 4789 κατενώπιον
3375 4734 3470 4785 τοῦ

1899 4834 2083 4900 τιμίου
2117 4833 2380 4902 σταυροῦ.
2443 4833 2553 4883 Καὶ
2606 4831 2741 4900 μετὰ
2787 4831 2847 4882 τὸ
2915 4828 3265 4881 ἀσπάσασθαι
3314 4825 3474 4877 πάλιν

1902 4924 2163 4993 βάλλουσι
2221 4925 2517 4992 μετάνοιαν
2555 4923 2780 4988 ὁμοίως,
2829 4921 2926 4973 καὶ⁵
2978 4923 3055 4980 είς
3104 4921 3230 4979 τοὺς
3278 4919 3474 4987 χοροὺς

1899 5019 2034 5084 πρὸς
2059 5017 2209 5085 μίαν.
2249 5011 2358 5068 Εἶθ’
2379 5014 2549 5075 οὕτως
2574 5015 2832 5082 ἄρχονται
2870 5015 2917 5064 οἱ
2950 5011 3189 5077 ἀδελφοί.

1972 5107 2115 5161 Ibid.
2153 5107 2266 5173 Τῆς
2297 5106 2402 5159 τοῦ
2449 5107 2752 5157 παλατιόυ
2787 5103 3139 5167 ἐκκλησίας.
3178 5101 3352 5163 Quam
3408 5113 3471 5153 cx

1898 5200 2148 5268 pluribus
2175 5200 2315 5252 ineo
2350 5197 2583 5251 conditis
2612 5207 2804 5250 auctor
2825 5213 2928 5247 nun
2961 5196 3223 5261 assignat,
3244 5193 3471 5255 primam

1900 5293 2169 5360 siquidem
2189 5291 2505 5344 Trullanatn
2527 5289 2890 5356 'l‘hcotihani-s
2915 5303 2942 5340 a
2976 5287 3259 5339 I‘ulehcria
3281 5284 3471 5336 funda-

1899 5398 2006 5439 tam
2035 5386 2089 5438 in
2117 5385 2544 5452 Protnmartyris
2589 5382 2854 5434 honorent
2880 5379 3066 5436 refert.
3090 5378 3252 5430 aliam
3275 5377 3351 5443 τῷ
3376 5377 3470 5443 ἁρ-

1898 5475 2252 5544 χιστρατήγῳ
2288 5473 2533 5526 Michai-li
2571 5472 2623 5524 in
2651 5472 2842 5525 eodem
2908 5470 3145 5522 dicatam
3217 5467 3468 5532 legimus.

1901 5565 2159 5618 Basiliunt
2192 5565 2537 5630 Lconcmque
2573 5571 2723 5614 totet
2756 5571 2862 5613 tam
2899 5559 3079 5611 varias
3104 5557 3300 5609 ibidem
3326 5566 3466 5608 stru-

1899 5659 2044 5711 xissc
2080 5659 2411 5723 dotasseque
2475 5663 2684 5714 narrat,
2742 5662 2799 5705 ut
2861 5652 3013 5703 urbis
3087 5649 3247 5700 unius
3290 5648 3465 5714 spatio

1897 5751 2077 5819 plures
2107 5749 2223 5814 capi
2250 5746 2548 5800 nonytlcre
2569 5760 2877 5796 crrnamus.
2907 5743 3058 5794 (ipsa
3091 5739 3105 5810 1

1974 5841 2110 5896 Ibid.
2157 5838 2508 5893 Stirhariutn.
2556 5837 2749 5890 Junius
2783 5851 2969 5888 t-L‘curc
3003 5835 3181 5895 \i'ttit,
3221 5847 3446 5886 tttunmtt-
