4252 6444
269 442 380 501 345

1388 443 1766 506 GRETSERI
1803 448 1897 506 ET
1926 444 2156 506 GOAIU
2191 447 2445 510 NOTAE.-

3422 454 3526 515 346

350 556 409 612 Ρ.
438 557 523 611 66.
551 555 701 627 [Τῶν
728 558 1106 625 πιιτριιιρχὼν
1126 575 1237 625 τις.
1268 558 1435 615 Debet
1461 560 1570 625 ille,
1594 563 1845 633 quisquis
1878 622 1879 629 η

1950 566 2356 625 contendimus,
2390 564 2455 617 de
2488 562 2667 631 priore
2704 565 3009 623 haeremus:
3042 568 3087 620 si
3130 568 3273 621 enim
3312 583 3417 625 non
3450 572 3526 623 si-
3582 643 3585 646 ἠ

273 648 467 713 fuerit,
506 650 937 718 quadringentos
956 665 1130 705 annos
1157 666 1441 719 superare,
1464 669 1586 707 cum
1616 652 1683 723 Sy
1697 669 1851 708 meon

275 743 797 797 Thessalonicensis
825 752 948 796 ante
974 755 1342 798 memoratum
1372 754 1591 815 tempus
1619 748 1854 815 scriptor

275 832 764 903 eximiusitrimos
787 835 1032 888 ecclesiae
1060 834 1266 903 Magnae
1307 836 1559 901 clericos,
1596 840 1688 905 qui
1720 853 1852 901 exo-

274 926 557 988 catacmli,
599 926 727 977 velit
756 925 920 978 etiam
979 927 1046 978 ab
1100 926 1326 996 antiquo
1358 928 1591 998 (diutino
1652 930 1851 1001 spatio)

277 1017 543 1069 «Hacanos
572 1017 869 1070 exstitisse.

352 1106 499 1160 Ibid.
544 1108 868 1178 [Σφραγίζω
904 1125 1298 1180 nonnunquam
1337 1116 1521 1167 ordino
1555 1129 1651 1168 seu
1699 1132 1848 1170 veros

276 1199 492 1253 ordines
521 1201 733 1266 confero
764 1200 927 1255 refert
962 1202 1273 1271 (Balsamon
1326 1205 1381 1258 in
1433 1206 1569 1261 Can.
1613 1216 1849 1276 aposto-

274 1290 446 1343 licum
505 1290 573 1343 56
636 1307 649 1342 :
694 1294 984 1356 Διακόνους
1036 1296 1465 1364 χειροτονεῖσθαι
1518 1298 1637 1365 μὲν,
1705 1298 1846 1375 τοῦτ’

274 1381 395 1431 ἐστι
435 1382 857 1447 σφραγίζεσθαι,
897 1386 1223 1455 ἐμάθομεν),
1259 1402 1653 1456 nonnunquam
1698 1404 1848 1442 cruce

273 1473 449 1538 signa.
483 1474 875 1544 Euchologium
932 1477 985 1530 in
1046 1477 1237 1532 Ordin.
1272 1479 1516 1536 Lectoris
1552 1499 1565 1534 :
1602 1483 1846 1552 Σφραγί-

272 1563 387 1625 ξων
421 1566 702 1634 ἐπιτίθησι
756 1570 855 1637 τὴν
916 1572 1095 1639 χεῖρα.
1136 1569 1654 1628 Thessalonicensis
1692 1595 1706 1627 ;
1757 1576 1845 1644 Τῷ

268 1654 506 1723 δικηρὶῳ
538 1660 830 1725 σφραγίζει
864 1661 924 1712 τὸ
951 1661 1106 1728 ἆγιον
1141 1663 1501 1731 Εὐαγγέλιον,
1530 1683 1675 1719 cereo
1710 1668 1842 1719 bici-

266 1746 369 1813 piti
427 1746 769 1816 Evangelium
834 1754 1023 1821 signat.
1080 1753 1417 1825 Quandoque
1470 1758 1686 1811 tandem
1737 1769 1842 1821 est,

268 1839 525 1901 adjuncto
576 1844 750 1896 crucis
826 1846 975 1913 signo
1031 1847 1389 1900 ministerium
1459 1850 1534 1902 rel
1616 1851 1841 1918 o/ﬁcium

264 1931 567 1988 committo.

262 2027 693 2092 τεσσαρακοστῇ
733 2027 1030 2094 σφραγίζει
1084 2029 1366 2097 προεστὼς
1402 2030 1733 2101 ἐξυπνιστὴν
1779 2034 1836 2084 ὲν

262 2111 558 2181 ἐκκλησίᾳ.
608 2114 756 2181 Quos
826 2118 1008 2188 itaque
1065 2122 1375 2188 patriarcha
1436 2125 1837 2181 exocatacmlos

265 2205 586 2270 σφραγίζει,
610 2210 781 2263 crucis
820 2212 970 2280 signa
1004 2214 1258 2277 instituit,
1286 2216 1437 2283 prius
1471 2217 1685 2273 diaconi
1710 2233 1836 2271 vera

260 2295 609 2350 ordinatione
642 2302 877 2366 promoti
908 2303 1307 2371 intelliguntur.
1329 2304 1527 2377 Genu]

335 2385 397 2438 P.
480 2387 570 2441 (i7.
630 2388 829 2447 Junius
901 2394 1054 2447 addit
1137 2398 1522 2463 negationem,
1601 2400 1660 2451 οὐ
1729 2417 1833 2469 φο-

261 2474 442 2541 ροῦσι,
496 2494 599 2531 non
631 2492 858 2548 gestant.
890 2484 1121 2539 Codices
1169 2484 1322 2541 Boici
1381 2489 1683 2551 omittunt;
1734 2492 1834 2544 ita-

257 2580 369 2633 que
395 2582 622 2635 prorsus
661 2572 911 2630 diversus
947 2591 1143 2631 sensus
1171 2578 1419 2644 eﬂicitur,
1471 2596 1667 2651 nempe
1712 2583 1825 2636 dia-

255 2671 431 2712 conos
459 2670 567 2714 tota
605 2661 1039 2733 Quadragesima
1071 2679 1284 2737 gestare
1312 2686 1583 2739 purpurea
1623 2674 1830 2727 sticha-

253 2749 363 2812 ria,
421 2764 647 2819 creepto
696 2758 1143 2815 Annuntiationis
1200 2761 1365 2828 festo,
1425 2762 1735 2819 Palmarum
1775 2778 1828 2821 et

254 2857 459 2910 niagno
486 2844 740 2901 Sabbato.
775 2848 981 2903 Gners.

332 2935 473 2988 Ibid.
510 2939 655 3009 [Non
692 2941 972 2996 toleranda
1022 2957 1216 2997 vocum
1264 2949 1550 3017 corruptio
1586 2950 1829 3019 negatio-

259 3037 386 3076 nem
416 3024 799 3082 affirmatiouis
832 3030 949 3085 vice
1002 3032 1337 3090 substituens
1377 3052 1389 3088 :
1438 3039 1610 3092 multo
1645 3040 1826 3093 since-

257 3115 379 3170 rius
433 3115 624 3186 chia,
668 3121 946 3176 eliminata
1002 3127 1270 3193 particula
1318 3140 1568 3197 negante,
1626 3133 1824 3201 φοροῦ-

257 3221 366 3257 σιν.
408 3209 719 3266 Auctoritas
778 3222 829 3266 et
860 3217 1205 3272 consuetudo
1258 3218 1469 3274 fidelem
1506 3222 1821 3291 hujusmodi

252 3296 547 3351 lectionem
583 3312 823 3364 tuentur.
856 3309 1035 3361 luctus
1064 3309 1332 3376 siquidem
1373 3320 1425 3365 et
1453 3312 1823 3383 Quadragesi-

251 3402 357 3439 nne
397 3396 644 3455 tempore
666 3394 894 3448 rubrum
931 3399 1033 3451 sibi
1067 3400 1305 3453 colorem
1361 3405 1592 3457 assumit
1627 3405 1824 3459 Orien-

249 3479 378 3534 talis
413 3480 678 3549 Ecclesia,
723 3487 933 3556 reliquo
990 3498 1259 3561 tempore,
1317 3493 1512 3549 festivo
1564 3498 1818 3562 maxime,

246 3573 571 3627 candidum.
622 3578 988 3634 Annuntiatio
1048 3598 1201 3647 vero,
1235 3583 1546 3640 Palmarum
1593 3589 1711 3643 dies
1768 3600 1823 3643 et

248 3664 553 3719 Satibatum
588 3668 872 3727 Paschalis
921 3676 1266 3746 pervigilium
1298 3679 1563 3735 solemnia
1607 3693 1735 3737 sunt
1768 3694 1820 3737 ct

244 3757 384 3809 festa
415 3757 714 3826 Dominica,
742 3763 796 3816 in
822 3766 1020 3832 qu'ibus
1076 3772 1277 3824 robeus
1330 3772 1478 3825 color
1533 3774 1813 3828 horrorem

247 3848 452 3902 incutit
491 3860 544 3904 et
573 3856 859 3909 adversum
897 3873 1058 3913 omen
1148 3862 1343 3915 defert.
1376 3863 1595 3917 Simeou
1646 3864 1816 3921 Thcs-

245 3938 625 3996 salonicensis
661 3958 675 3995 :
711 3944 777 3995 Τί
800 3946 1021 4015 δηλοῦσι
1064 3951 1130 4002 τὰ
1177 3951 1344 4003 λευκὰ
1400 3953 1673 4021 ἐνδύματα
1720 3957 1814 4008 τοῦ

245 4032 576 4101 ἀρχιερέως,
618 4037 879 4091 καὶ-τίτά
925 4041 1133 4110 ἐρυθρὰ
1196 4044 1338 4095 κατὰ
1396 4046 1494 4114 τὴν
1546 4064 1818 4116 τεσσαρα-

245 4122 489 4189 κοστήν;
516 4126 792 4196 subjungit
818 4146 830 4180 :
861 4130 1047 4183 Λευκὰ
1083 4134 1254 4185 ταῦτα
1310 4135 1400 4187 διὰ
1452 4138 1513 4189 τὸ
1567 4140 1812 4207 καθαρὸν

243 4216 471 4283 χάριτος
537 4220 629 4269 καὶ
677 4222 963 4286 φωτεινόν.
1021 4225 1287 4285 Πολλάκις
1336 4228 1393 4280 δέ
1444 4246 1508 4295 γε
1550 4233 1645 4282 καὶ
1679 4248 1812 4299 πορ-

239 4308 393 4373 φυρᾶ
424 4310 564 4361 κατὰ
598 4310 688 4362 τὸν
729 4315 919 4381 καιρὸν
948 4317 1056 4369 τῶν
1079 4319 1349 4385 νηστειῶν
1382 4319 1469 4372 διὰ
1499 4324 1559 4373 τὸ
1592 4322 1811 4375 πενθεῖν

234 4401 388 4466 ἡμᾶς
418 4401 852 4470 ἁμαρτήσαντας
898 4410 1001 4483 καὶ
1047 4410 1133 4463 διὰ
1187 4413 1277 4463 τὸν
1338 4415 1619 4479 σφαγέντα
1668 4418 1807 4483 ὑπὲρ

234 4491 402 4556 ἡμῶν
473 4493 687 4560 Ἰησοῦν
752 4480 1017 4565 Χριστόν.
1078 4498 1384 4556 Demetrius
1439 4506 1808 4572 Bulgariensis

230 4580 382 4635 .luris
411 4581 507 4636 Gr.
540 4584 576 4635 l.
603 4600 630 4636 ν
670 4603 683 4638 :
719 4586 954 4649 Πένθους
987 4590 1092 4641 εἰσὶ
1123 4591 1190 4643 τὰ
1217 4595 1476 4663 πορφυρᾶ
1522 4596 1802 4663 ἐνδύματα

234 4674 561 4743 σήμαντρον
586 4692 599 4707 ·
636 4678 692 4729 ὲν
721 4678 911 4745 μόναις
929 4680 1038 4748 γὰρ
1072 4684 1363 4753 νηστίμοις
1414 4688 1653 4757 ἡμέραις
1708 4690 1802 4742 καὶ

227 4768 288 4817 ἐν
335 4769 707 4838 μνημοστῦνοις
756 4772 1101 4828 ἀπελθόντων
1155 4777 1550 4845 λαμῦἀνονται.
1590 4780 1790 4855 6οη]

724 4904 881 4975 311
941 4906 1171 4963 CAPUT
1208 4911 1268 4964 v.

290 5035 695 5093 Observationes
720 5050 766 5092 et
806 5044 1183 5121 explicationes
1208 5048 1259 5099 in
1278 5064 1325 5103 c.
1371 5049 1457 5111 10,
1502 5050 1568 5105 de
1614 5054 1750 5121 festo

896 5113 1229 5169 Palinurum.

298 5219 361 5274 P.
394 5221 768 5289 67.Quoduos
791 5227 977 5293 festum
1011 5228 1340 5297 Palmarum,
1376 5236 1428 5291 id
1459 5237 1626 5293 Graeci
1675 5242 1795 5307 ἐορ-

218 5316 325 5382 τὴν
353 5315 524 5383 βαΐων
561 5328 789 5380 vocant;
830 5320 910 5371 'de
938 5336 1046 5387 quo
1081 5322 1198 5378 fuse
1227 5326 1422 5382 Codin.
1460 5346 1508 5383 c.
1548 5332 1633 5385 10.
1662 5336 1797 5388 Bitia

220 5400 420 5457 Graeco
460 5420 707 5459 sermone
741 5407 847 5460 dici
889 5410 1089 5476 palmas
1130 5430 1221 5467 seu
1262 5431 1440 5472 ramos
1494 5422 1792 5489 palmarum

220 5496 395 5549 tradit
428 5498 485 5549 S.
524 5494 888 5569 Hieronymus
922 5502 973 5554 in
1003 5519 1051 5557 ρ.
1084 5504 1116 5558 8
1142 5507 1421 5581 Ezechiel.
1478 5513 1675 5569 luscite
1730 5524 1795 5574 de

217 5588 327 5639 hoc
359 5588 579 5642 nomine
621 5589 927 5659 Balsumon,
972 5594 1184 5658 Boium,
1220 5600 1417 5669 inquit,
1473 5604 1651 5675 lingua
1690 5608 1791 5661 Ro-

218 5697 381 5734 mam!
409 5699 569 5747 neque
597 5702 801 5739 ramum
860 5707 923 5742 ea:
953 5691 1137 5744 arbore
1176 5710 1369 5747 ca’sum
1423 5714 1582 5767 neque
1616 5718 1791 5754 rosam

215 5783 284 5820 ex
337 5782 508 5825 roseto
545 5775 817 5832 collectam
850 5796 1011 5849 neque
1046 5782 1216 5834 litium
1270 5801 1331 5836 c1:
1368 5787 1603 5840 liliornm
1640 5793 1789 5845 [ιον-ιο

216 5864 519 5931 decerptum
556 5870 838 5937 signiﬁcat.
904 5878 971 5927 lle
1007 5875 1217 5931 duobus
1262 5882 1654 5945 posterioribus
1714 5888 1787 5941 nil

1960 655 2179 721 gnificat
2208 671 2438 720 ramum,
2482 656 2567 711 dic
2597 656 2727 725 quid
2790 658 3103 726 significet?
3150 658 3526 727 Ἀνορωπίνης

1956 744 2013 796 δὲ
2046 746 2269 814 γνώμης
2299 747 2360 798 ὲκ
2380 745 2533 798 τοῦδε
2569 748 2646 809 εἰς
2700 747 2815 800 τόδε
2854 747 3182 813 μετάϐασις,
3219 747 3400 818 ἀγαθὴ
3429 748 3526 816 δη-

1956 837 2185 909 λονότιῆ
2243 840 2473 908 πονηρά.
2534 838 2789 905 Pulchre;
2822 854 3041 909 pergas.
3089 840 3372 894 Ἐντεῦθεν
3416 843 3527 912 γὰρ

1954 930 2079 991 τοὺς
2112 929 2471 999 παιδοτρίϐας
2504 931 2788 999 βαῖούλους
2823 931 3281 1000 κατονομάζομεν
3336 932 3410 994 ὡς
3456 934 3545 986 τὰη

1954 1021 2197 1091 νηπιώδη
2226 1023 2333 1074 τῶν
2366 1022 2574 1075 παίδων
2600 1025 2929 1094 φρονήματα
3001 1024 3342 1091 μετάγοντας
3385 1024 3523 1093 πρὸς

1955 1112 2275 1184 ἀρρένωσιν.
2304 1113 2490 1182 Docte,
2524 1118 2679 1185 quasi
2734 1116 2956 1186 bajulus
3011 1132 3117 1171 non
3154 1117 3224 1170 sit
3264 1131 3294 1171 a
3330 1116 3521 1172 Latina

1952 1220 2081 1259 voce
2105 1206 2302 1273 bajnlo,
2335 1208 2478 1263 sicut
2506 1210 2728 1277 gerulus
2755 1224 2783 1262 a
2804 1225 2946 1280 gero.
2978 1208 3161 1279 Pergit
3188 1226 3201 1262 :
3230 1211 3338 1263 Καὶ
3356 1226 3522 1279 πραι-

1952 1294 2290 1365 6αἶκάτορας
2323 1298 2555 1369 λέγομεν
2584 1301 2712 1362 τοὺς
2743 1300 3194 1369 ποικιλλομένους
3237 1302 3378 1353 κατὰ
3411 1302 3514 1369 τὴν

1951 1378 2063 1452 ἶριν
2094 1389 2389 1454 συνεργοὺς
2443 1390 2532 1441 καὶ
2603 1391 2955 1457 προδιδόντας
2989 1390 3116 1451 τοὺς
3163 1391 3512 1461 πρόσφυγας.

1950 1477 2368 1533 Pra’vaicatores
2431 1482 2906 1552 (praevaricatores)
2962 1484 3286 1552 appellamus
3336 1501 3525 1551 coope-
3611 1494 3622 1508 ‘

1949 1571 2117 1621 rarios
2146 1586 2234 1622 seu
2278 1573 2564 1640 adjutores,
2600 1576 2687 1643 qui
2737 1576 3011 1629 variantur
3041 1578 3213 1631 instar
3260 1578 3435 1641 iridis,
3471 1590 3522 1632 et

1947 1660 2160 1715 clientes
2197 1663 2445 1729 produnt.
2489 1664 2564 1717 Ita
2623 1666 2841 1733 quidem
2907 1666 3214 1736 interpres:
3255 1670 3348 1723 sed
3397 1671 3522 1737 quis

1947 1766 2055 1804 non
2088 1754 2229 1808 videt
2250 1757 2538 1823 legendum
2568 1773 2693 1812 esse
2724 1761 2867 1813 κατά
2896 1760 2994 1830 τὴν
3028 1760 3186 1830 ἐρινῖ
3226 1770 3285 1815 ut
3314 1776 3523 1830 przevav

1946 1844 2204 1901 ricatores
2230 1849 2339 1901 sint
2372 1848 2444 1901 illi
2478 1850 2567 1917 qui
2604 1850 2652 1902 iu
2686 1851 2799 1919 ipsa
2838 1852 2930 1905 lite
2962 1854 3188 1907 clientes
3232 1870 3363 1907 suos
3421 1858 3521 1908 de-

656 1931 919 2001 Typicum
975 1936 1131 1991 Saba:
1192 1952 1242 1992 c.
1299 1939 1331 1991 5
1368 1954 1380 1990 :
1418 1940 1495 2008 Τῇ
1538 1940 1594 1991 δὲ
1628 1941 1838 2010 μεγάλῃ
1872 1940 1914 1995 Β
1946 1934 2181 1989 stituunt
2210 1947 2262 1989 et
2286 1940 2551 2006 produnt,
2588 1942 2893 2009 variatique
2922 1945 2989 1995 ad
3029 1928 3518 2012 alterazn'partem.

1942 2042 2038 2079 sua
2099 2028 2339 2090 deserta.
2397 2041 2702 2085 transeunt.
2738 2032 3009 2086 Nimirum
3058 2035 3184 2102 quia
3237 2034 3520 2091 Gt'aaculus

1942 2118 2043 2172 iste
2077 2121 2127 2172 in
2155 2121 2334 2188 bajulo
2365 2132 2419 2176 et
2451 2123 2768 2189 pra'varicor
2820 2126 3059 2193 aliquam
3099 2127 3517 2182 similitudinem

1938 2209 2323 2265 animadvertit
2364 2226 2488 2264 cum
2547 2227 2680 2266 voce
2734 2213 2906 2281 βάῖον,
2945 2215 3065 2268 ideo
3118 2217 3344 2282 putabat
3394 2219 3519 2273 inde

1939 2302 2247 2368 formatam,
2284 2305 2436 2374 quasi
2473 2322 2502 2360 a
2544 2309 2711 2370 rario,
2768 2323 2886 2372 seu,
2920 2320 2976 2362 ut
3010 2310 3127 2377 ipse
3179 2309 3515 2377 scripsisset.

1938 2408 1965 2447 a
2000 2396 2197 2465 βαρῐω,
2231 2407 2285 2452 et
2316 2401 2524 2453 omisso
2559 2416 2589 2468 ρ
2618 2415 2647 2454 a
2676 2399 2837 2476 βαῐιυ,
2881 2400 3026 2469 quod
3068 2410 3153 2455 est
3175 2411 3339 2454 muto.
3380 2401 3516 2458 llinc

1934 2488 2099 2541 etiam
2129 2489 2259 2542 dicit
2287 2489 2504 2545 Judwos
2541 2506 2647 2545 non
2685 2476 3076 2561 intelligentes,
3127 2492 3352 2547 Christo
3383 2493 3514 2548 llie—

1934 2579 2262 2647 rosolymam
2290 2582 2655 2650 ingrediente,
2686 2586 2818 2650 quid
2866 2585 2973 2639 sibi
3022 2586 3292 2640 velletilla
3334 2599 3517 2641 ramo-

1932 2687 2052 2725 rum
2118 2673 2373 2740 gestatio,
2439 2675 2777 2730 exclamasse
2854 2677 3041 2746 βαϐαὶ,
3108 2682 3295 2747 papae!
3349 2680 3517 2749 βαϐαὶ

1930 2761 2040 2813 τῶν
2074 2763 2387 2816 Μωσαῖκῶν
2423 2769 2830 2837 παραγγελιῶν,
2887 2771 3042 2838 βάἶον
3101 2772 3515 2842 ἀπροσδόκητον

1932 2854 2147 2921 γέγονε,
2205 2860 2452 2910 τουτέστι
2516 2864 2803 2931 μεταφορὰ
2859 2862 2994 2931 πρὸς
3048 2854 3351 2919 ἀπώλειαν.
3392 2865 3515 2920 Haec

1932 2944 2208 3003 Grmculus
2240 2950 2328 3002 ille
2359 2951 2425 3003 de
2453 2962 2636 3020 etymo
2668 2959 2843 3018 vocis,
2878 2955 3081 3023 ληρῶν.

2005 3037 2173 3093 Docet
2229 3052 2409 3095 autem
2451 3042 2736 3100 Balsamon
2769 3048 2869 3101 hoc
2898 3049 3008 3103 τῶν
3066 3048 3378 3121 βαῖοφόρων
3426 3053 3512 3107 die

1931 3132 2293 3200 imperatores
2320 3136 2448 3188 olim
2470 3152 2533 3191 ac
2556 3139 2898 3204 patriarchas
2915 3140 3262 3197 distribuisse
3281 3144 3512 3199 subditis

1932 3223 2122 3292 ρόγας,
2156 3227 2259 3281 hoc
2287 3236 2367 3281 est
2398 3244 2613 3282 munera
2646 3239 2701 3284 et
2739 3232 2883 3295 baia,
2917 3233 3173 3302 huncque
3216 3252 3373 3289 usum
3418 3254 3510 3292 us-

1929 3332 2034 3386 que
2057 3318 2121 3371 ad
2153 3327 2394 3389 tempora
2433 3321 3154 3391 Constantinilmonomachi
3194 3331 3425 3384 durasse
3456 3342 3511 3385 et.

1926 3420 2115 3479 postea
2146 3412 2401 3469 desiisse.
2434 3414 2575 3469 Sunt
2603 3426 2785 3471 autem
2831 3434 2972 3488 roga!
3027 3421 3302 3489 stipendia
3343 3423 3507 3476 etiam

1926 3500 2219 3555 militaria:
2254 3503 2382 3558 hinc
2428 3506 2567 3574 apud
2610 3506 2884 3562 Codinum
2934 3526 3039 3563 vox
3076 3511 3190 3579 ipsa
3234 3513 3417 3582 ρόγαι,
3453 3524 3509 3570 et

1927 3590 2048 3643 inde
2067 3590 2285 3647 formati
2314 3598 2630 3663 ρογάτορες,
2648 3600 2849 3654 milites
2866 3603 2957 3671 qui
2980 3603 3249 3672 stipendia
3272 3618 3503 3670 merent,

1922 3682 2180 3737 soldaten.
2221 3686 2355 3739 Item
2406 3688 2740 3758 largitiones,
2772 3696 3119 3764 erogationes.
3160 3713 3407 3762 munera,
3442 3710 3497 3754 et

1923 3777 2066 3830 dona
2110 3794 2135 3831 a
2170 3781 2512 3849 principibus
2553 3783 2853 3841 liberaliter
2903 3790 3156 3844 distribui
3212 3803 3499 3861 consueta,

1921 3867 2037 3933 Qua
2073 3884 2207 3924 voce
2232 3874 2427 3928 crebro
2452 3875 2621 3929 utitur
2646 3878 2813 3932 etiam
2856 3880 3185 3936 Anastasius
3212 3883 3504 3940 bibliothe-

1918 3963 2099 4015 carius
2137 3964 2188 4016 in
2226 3964 2458 4020 Historia
2507 3967 2852 4035 Pontificum,
2884 3984 2939 4027 nt
2968 3978 3018 4027 in
3057 3975 3301 4043 Eugenio
3353 3978 3501 4033 :Ro-

1916 4070 2035 4121 gain
2066 4057 2206 4107 clero
2250 4058 2413 4111 dedit.
2474 4060 2612 4115 llinc
2643 4064 2807 4116 etiam
2847 4078 3005 4119 natus
3062 4068 3277 4122 videtur
3306 4071 3499 4127 modus

1915 4142 2166 4210 loquendi
2238 4147 2676 4206 Germanorum:
2744 4154 2821 4207 Er
2858 4157 2944 4209 ltat
2980 4159 3063 4210 ein
3114 4172 3274 4228 gnten
3339 4179 3496 4230 rogen

1914 4252 2093 4303 zogen,
2118 4238 2185 4291 de
2210 4238 2303 4293 illo
2327 4244 2416 4308 qui
2450 4243 2781 4298 luculentum
2813 4249 2941 4314 quid
2962 4250 3186 4317 adeptus
3221 4263 3323 4308 est.
3356 4252 3494 4306 Hinc

1911 4329 2073 4379 etiam
2114 4331 2361 4396 ιιὀγειῦειν
2417 4334 2668 4399 militare,
2706 4356 2936 4394 merere:
2967 4341 3104 4396 forte
3130 4358 3259 4397 cusa
3291 4355 3344 4399 ct
3380 4347 3492 4399 Iure

1911 4431 2011 4469 vox
2046 4435 2074 4469 ιι
2113 4418 2303 4474 Latino
2329 4439 2452 4493 rogo
2484 4427 2562 4480 vel
2596 4445 2770 4500 erogo.
2799 4431 2977 4487 Habet
3002 4433 3291 4490 Balsamon
3322 4439 3489 4493 etiam

1914 4512 2169 4577 ρογαλὶα.

1984 4600 2304 4670 liujusmodi
2337 4623 2521 4677 r0gam
2551 4626 2579 4664 a
2614 4628 2674 4668 se
2700 4615 2871 4670 visam
2903 4618 3167 4675 describit
3195 4622 3487 4692 Luitpran-

1910 4690 2010 4745 dus
2040 4694 2344 4753 Ticinensis
2372 4701 2533 4771 312
2562 4704 2595 4755 Ι.
2619 4722 2689 4759 vt.
2720 4707 2783 4760 In
2808 4724 2887 4771 ea,
2928 4710 3123 4780 inquit,
3150 4729 3265 4781 qua:
3287 4690 3363 4767 est
3393 4732 3488 4768 an-

1907 4796 1953 4838 te
1988 4785 2436 4860 βαῖοφόρον,‹]ιιοι1
2456 4812 2546 4848 nos
2567 4799 2867 4865 palmarum
2889 4820 3063 4858 ramos
3087 4806 3333 4869 dicimus,
3364 4808 3486 4860 heb-

1904 4879 2128 4933 domade
2156 4891 2262 4935 tant
2294 4886 2346 4936 in
2380 4888 2629 4942 militibus
2659 4908 2817 4960 quam
2843 4896 2894 4947 in
2934 4896 3152 4950 diversis
3184 4900 3486 4954 constitutis

1905 4972 2083 5038 ofﬁciis
2137 4978 2515 5032 nantismntum
2586 5000 2864 5037 aureorum
2898 4989 3273 5056 erogationem,
3325 5003 3483 5057 prout

1904 5065 2151 5132 “ilusque
2170 5081 2456 5123 mereretur
2487 5074 2745 5140 officium,
2766 5079 3056 5145 imperator
3081 5081 3246 5149 facit;
3270 5083 3485 5135 cuiero-

1902 5157 2102 5221 gutioni
2128 5161 2250 5227 quia
2286 5178 2363 5214 me
2401 5164 2645 5218 interesse
2669 5168 2851 5233 voluit,
2880 5188 2958 5223 me
3000 5174 3172 5225 venire
3209 5177 3475 5243 prwcepit.

1903 5244 2030 5300 Fuit
2066 5262 2237 5305 autem
2274 5255 2595 5320 hujusmodi.
2636 5262 2767 5312 Erat
2798 5264 3039 5329 apposita
3069 5266 3244 5319 decem
3278 5270 3479 5320 cubito-

1902 5356 2022 5393 rum
2070 5343 2418 5413 longitudinis
2451 5367 2511 5402 ac
2550 5364 2779 5418 quatuor
2807 5355 3107 5410 latitudinis
3133 5375 3312 5412 mensa
3358 5378 3477 5428 quia

1900 5434 2221 5488 numismata
2251 5436 2434 5491 loculis
2463 5455 2795 5513 congregata.
2819 5458 2973 5515 prout
3014 5449 3199 5518 cuique
3221 5450 3471 5519 dabatur,

1897 5526 2125 5577 numeris
2154 5531 2474 5584 extrinsecus
2513 5536 2563 5585 in
2595 5538 2781 5590 (oculis
2812 5540 3020 5606 scriptis
3052 5542 3471 5609 retinebat.._ln-
3560 5600 3574 5611 ,

1896 5615 2265 5680 gradiebantur
2282 5624 2501 5691 denique
2523 5627 2589 5676 ad
2617 5628 2982 5695 imperatorem
3004 5648 3104 5683 non
3122 5633 3357 5701 confuse,
3380 5635 3471 5688 sed

1895 5706 2179 5761 ordinatim
2205 5716 2490 5767 secundum
2520 5721 2753 5771 vocantis
2780 5738 2971 5786 vocem,
3002 5740 3118 5792 aute
3150 5728 3347 5783 scripta
3395 5730 3473 5783 vi-

1896 5814 2071 5851 rorum
2106 5805 2317 5856 nomina
2346 5810 2624 5860 secundant
2658 5814 2807 5881 oﬂicii
2837 5816 3147 5884 dignitatem
3186 5821 3472 5876 recitabat.

1896 5892 2126 5953 Quorum
2161 5897 2357 5963 primus
2386 5914 2594 5955 roratas
2622 5916 2696 5957 est
2738 5920 2904 5961 rector
2929 5909 3151 5975 domus;
3185 5914 3267 5966 cui
3289 5930 3386 5968 nan
3407 5927 3471 5969 trs
