  <div class='ocr_page' id='page_1' title='image "/cluster/home/n/w/nwhite01/storage/ocr_20150623/157/nnc1.0046980857/182.png"; bbox 0 0 4252 6444; ppageno 0'>
   <div class='ocr_carea' id='block_1_1' title="bbox 244 376 351 439">
    <p class='ocr_par' dir='ltr' id='par_1_1' title="bbox 244 376 351 439">
     <span class='ocr_line' id='line_1_1' title="bbox 244 376 351 439; baseline 0.028 -3"><span class='ocrx_word' id='word_1_1' title='bbox 244 376 351 439; x_wconf 66' lang='grc'><strong>340</strong></span> 
     </span>
    </p>
   </div>
   <div class='ocr_carea' id='block_1_2' title="bbox 1344 370 3489 441">
    <p class='ocr_par' dir='ltr' id='par_1_2' title="bbox 1344 370 3489 441">
     <span class='ocr_line' id='line_1_2' title="bbox 1344 370 3489 441; baseline -0.007 0"><span class='ocrx_word' id='word_1_2' title='bbox 1344 381 1724 441; x_wconf 71' lang='lat' dir='ltr'><strong>GRETSERI</strong></span> <span class='ocrx_word' id='word_1_3' title='bbox 1753 381 1848 439; x_wconf 85' lang='lat' dir='ltr'>ET</span> <span class='ocrx_word' id='word_1_4' title='bbox 1893 378 2126 438; x_wconf 71' lang='lat' dir='ltr'><strong>GOAlil</strong></span> <span class='ocrx_word' id='word_1_5' title='bbox 2158 379 2391 440; x_wconf 64' lang='lat' dir='ltr'><strong>NOTz‘E.</strong></span> <span class='ocrx_word' id='word_1_6' title='bbox 3389 370 3489 429; x_wconf 59' lang='lat' dir='ltr'><strong>35C:</strong></span> 
     </span>
    </p>
   </div>
   <div class='ocr_carea' id='block_1_3' title="bbox 243 475 3491 559">
    <p class='ocr_par' dir='ltr' id='par_1_3' title="bbox 243 475 3491 559">
     <span class='ocr_line' id='line_1_3' title="bbox 243 475 3491 559; baseline -0.004 -21"><span class='ocrx_word' id='word_1_7' title='bbox 243 490 510 540; x_wconf 81' lang='lat' dir='ltr'><strong>mmtiatio</strong></span> <span class='ocrx_word' id='word_1_8' title='bbox 560 487 788 551; x_wconf 76' lang='lat' dir='ltr'><strong>advenit,</strong></span> <span class='ocrx_word' id='word_1_9' title='bbox 817 487 1011 543; x_wconf 79' lang='lat' dir='ltr'><strong>Junius</strong></span> <span class='ocrx_word' id='word_1_10' title='bbox 1065 496 1298 542; x_wconf 85' lang='lat' dir='ltr'><strong>verterat</strong></span> <span class='ocrx_word' id='word_1_11' title='bbox 1340 505 1566 559; x_wconf 79' lang='lat' dir='ltr'><strong>prorSus</strong></span> <span class='ocrx_word' id='word_1_12' title='bbox 1620 492 1821 558; x_wconf 84' lang='lat' dir='ltr'><strong>inepte,</strong></span> <span class='ocrx_word' id='word_1_13' title='bbox 1857 492 1893 544; x_wconf 82' lang='grc' dir='ltr'><strong>Α</strong></span> <span class='ocrx_word' id='word_1_14' title='bbox 1929 503 2050 539; x_wconf 82' lang='lat' dir='ltr'><strong>nam</strong></span> <span class='ocrx_word' id='word_1_15' title='bbox 2088 492 2228 556; x_wconf 84' lang='lat' dir='ltr'><strong>apud</strong></span> <span class='ocrx_word' id='word_1_16' title='bbox 2260 500 2361 539; x_wconf 86' lang='lat' dir='ltr'><strong>nos</strong></span> <span class='ocrx_word' id='word_1_17' title='bbox 2390 492 2566 538; x_wconf 81' lang='lat' dir='ltr'><strong>vestes</strong></span> <span class='ocrx_word' id='word_1_18' title='bbox 2598 483 2842 538; x_wconf 75' lang='lat' dir='ltr'><strong>candidae</strong></span> <span class='ocrx_word' id='word_1_19' title='bbox 2895 477 3079 550; x_wconf 77' lang='lat' dir='ltr'><strong>gaudii</strong></span> <span class='ocrx_word' id='word_1_20' title='bbox 3120 475 3301 546; x_wconf 92' lang='lat' dir='ltr'><strong>potius</strong></span> <span class='ocrx_word' id='word_1_21' title='bbox 3328 491 3491 543; x_wconf 88' lang='lat' dir='ltr'><strong>quam</strong></span> 
     </span>
    </p>
   </div>
   <div class='ocr_carea' id='block_1_4' title="bbox 242 582 1823 649">
    <p class='ocr_par' dir='ltr' id='par_1_4' title="bbox 242 582 1823 649">
     <span class='ocr_line' id='line_1_4' title="bbox 242 582 1823 649; baseline 0.001 -16"><span class='ocrx_word' id='word_1_22' title='bbox 242 584 372 649; x_wconf 80' lang='lat' dir='ltr'><strong>quia</strong></span> <span class='ocrx_word' id='word_1_23' title='bbox 401 582 722 644; x_wconf 82' lang='lat' dir='ltr'><strong>idiomelum,</strong></span> <span class='ocrx_word' id='word_1_24' title='bbox 751 582 833 635; x_wconf 86' lang='lat' dir='ltr'><strong>vel</strong></span> <span class='ocrx_word' id='word_1_25' title='bbox 874 582 1240 648; x_wconf 86' lang='lat' dir='ltr'><strong>lampadarius</strong></span> <span class='ocrx_word' id='word_1_26' title='bbox 1272 594 1499 637; x_wconf 86' lang='lat' dir='ltr'><strong>cantans</strong></span> <span class='ocrx_word' id='word_1_27' title='bbox 1528 584 1655 637; x_wconf 92' lang='lat' dir='ltr'><strong>illud</strong></span> <span class='ocrx_word' id='word_1_28' title='bbox 1686 584 1823 635; x_wconf 88' lang='lat' dir='ltr'><strong>idio-</strong></span> 
     </span>
    </p>
   </div>
   <div class='ocr_carea' id='block_1_5' title="bbox 244 672 1818 744">
    <p class='ocr_par' dir='ltr' id='par_1_5' title="bbox 244 672 1818 744">
     <span class='ocr_line' id='line_1_5' title="bbox 244 672 1818 744; baseline 0.002 -21"><span class='ocrx_word' id='word_1_29' title='bbox 244 674 465 737; x_wconf 80' lang='lat' dir='ltr'><strong>melum,</strong></span> <span class='ocrx_word' id='word_1_30' title='bbox 522 674 765 742; x_wconf 85' lang='lat' dir='ltr'><strong>loquitur</strong></span> <span class='ocrx_word' id='word_1_31' title='bbox 796 676 858 726; x_wconf 89' lang='lat' dir='ltr'><strong>de</strong></span> <span class='ocrx_word' id='word_1_32' title='bbox 896 672 1182 740; x_wconf 82' lang='lat' dir='ltr'><strong>Evangelio</strong></span> <span class='ocrx_word' id='word_1_33' title='bbox 1218 676 1361 744; x_wconf 90' lang='lat' dir='ltr'><strong>quod</strong></span> <span class='ocrx_word' id='word_1_34' title='bbox 1398 676 1818 730; x_wconf 80' lang='lat' dir='ltr'><strong>archidiaconus</strong></span> 
     </span>
    </p>
   </div>
   <div class='ocr_carea' id='block_1_6' title="bbox 246 763 1819 833">
    <p class='ocr_par' dir='ltr' id='par_1_6' title="bbox 246 763 1819 833">
     <span class='ocr_line' id='line_1_6' title="bbox 246 763 1819 833; baseline 0.001 -17"><span class='ocrx_word' id='word_1_35' title='bbox 246 765 479 829; x_wconf 81' lang='lat' dir='ltr'><strong>ferebat,</strong></span> <span class='ocrx_word' id='word_1_36' title='bbox 514 775 569 818; x_wconf 85' lang='lat' dir='ltr'><strong>et</strong></span> <span class='ocrx_word' id='word_1_37' title='bbox 603 767 706 820; x_wconf 91' lang='lat' dir='ltr'><strong>hoc</strong></span> <span class='ocrx_word' id='word_1_38' title='bbox 735 764 1108 833; x_wconf 84' lang='lat' dir='ltr'><strong>Evangelium,</strong></span> <span class='ocrx_word' id='word_1_39' title='bbox 1137 766 1270 831; x_wconf 83' lang='lat' dir='ltr'><strong>sive,</strong></span> <span class='ocrx_word' id='word_1_40' title='bbox 1299 775 1358 822; x_wconf 77' lang='lat' dir='ltr'><strong>ut</strong></span> <span class='ocrx_word' id='word_1_41' title='bbox 1392 766 1707 820; x_wconf 89' lang='lat' dir='ltr'><strong>distinctius</strong></span> <span class='ocrx_word' id='word_1_42' title='bbox 1732 763 1819 817; x_wconf 90' lang='lat' dir='ltr'><strong>di-</strong></span> 
     </span>
    </p>
   </div>
   <div class='ocr_carea' id='block_1_7' title="bbox 243 856 1821 927">
    <p class='ocr_par' dir='ltr' id='par_1_7' title="bbox 243 856 1821 927">
     <span class='ocr_line' id='line_1_7' title="bbox 243 856 1821 927; baseline -0.001 -17"><span class='ocrx_word' id='word_1_43' title='bbox 243 873 387 919; x_wconf 86' lang='lat' dir='ltr'><strong>cam,</strong></span> <span class='ocrx_word' id='word_1_44' title='bbox 416 859 563 911; x_wconf 89' lang='lat' dir='ltr'><strong>hunc</strong></span> <span class='ocrx_word' id='word_1_45' title='bbox 608 858 851 911; x_wconf 88' lang='lat' dir='ltr'><strong>codicem</strong></span> <span class='ocrx_word' id='word_1_46' title='bbox 894 857 1334 927; x_wconf 81' lang='lat' dir='ltr'><strong>Evangeli‘orum,</strong></span> <span class='ocrx_word' id='word_1_47' title='bbox 1376 859 1454 913; x_wconf 84' lang='lat' dir='ltr'><strong>ait</strong></span> <span class='ocrx_word' id='word_1_48' title='bbox 1492 856 1695 913; x_wconf 86' lang='lat' dir='ltr'><strong>Christi</strong></span> <span class='ocrx_word' id='word_1_49' title='bbox 1743 864 1821 927; x_wconf 85' lang='lat' dir='ltr'><strong>ty-</strong></span> 
     </span>
    </p>
   </div>
   <div class='ocr_carea' id='block_1_8' title="bbox 242 950 1221 1019">
    <p class='ocr_par' dir='ltr' id='par_1_8' title="bbox 242 950 1221 1019">
     <span class='ocr_line' id='line_1_8' title="bbox 242 950 1221 1019; baseline 0.001 -16"><span class='ocrx_word' id='word_1_50' title='bbox 242 966 371 1018; x_wconf 88' lang='lat' dir='ltr'><strong>pum</strong></span> <span class='ocrx_word' id='word_1_51' title='bbox 405 966 467 1004; x_wconf 88' lang='lat' dir='ltr'><strong>ac</strong></span> <span class='ocrx_word' id='word_1_52' title='bbox 496 950 722 1017; x_wconf 82' lang='lat' dir='ltr'><strong>ﬁguram</strong></span> <span class='ocrx_word' id='word_1_53' title='bbox 761 966 966 1019; x_wconf 85' lang='lat' dir='ltr'><strong>gerere.</strong></span> <span class='ocrx_word' id='word_1_54' title='bbox 1010 950 1221 1004; x_wconf 70' lang='lat' dir='ltr'><strong>Gners.</strong></span> 
     </span>
    </p>
   </div>
   <div class='ocr_carea' id='block_1_9' title="bbox 317 1041 1820 1112">
    <p class='ocr_par' dir='ltr' id='par_1_9' title="bbox 317 1041 1820 1112">
     <span class='ocr_line' id='line_1_9' title="bbox 317 1041 1820 1112; baseline -0.002 -15"><span class='ocrx_word' id='word_1_55' title='bbox 317 1044 401 1097; x_wconf 88' lang='lat' dir='ltr'><strong>Ib.</strong></span> <span class='ocrx_word' id='word_1_56' title='bbox 466 1041 764 1112; x_wconf 74' lang='grc' dir='ltr'>[Στέφανος</span> <span class='ocrx_word' id='word_1_57' title='bbox 790 1044 1019 1096; x_wconf 80' lang='lat' dir='ltr'><strong>circulus</strong></span> <span class='ocrx_word' id='word_1_58' title='bbox 1058 1052 1223 1109; x_wconf 84' lang='lat' dir='ltr'><strong>caput</strong></span> <span class='ocrx_word' id='word_1_59' title='bbox 1255 1044 1520 1107; x_wconf 81' lang='lat' dir='ltr'><strong>ambiens,</strong></span> <span class='ocrx_word' id='word_1_60' title='bbox 1545 1058 1608 1097; x_wconf 87' lang='lat' dir='ltr'><strong>ac</strong></span> <span class='ocrx_word' id='word_1_61' title='bbox 1641 1044 1820 1097; x_wconf 87' lang='lat' dir='ltr'><strong>minor</strong></span> 
     </span>
    </p>
   </div>
   <div class='ocr_carea' id='block_1_10' title="bbox 244 1134 1819 1205">
    <p class='ocr_par' dir='ltr' id='par_1_10' title="bbox 244 1134 1819 1205">
     <span class='ocr_line' id='line_1_10' title="bbox 244 1134 1819 1205; baseline 0.001 -17"><span class='ocrx_word' id='word_1_62' title='bbox 244 1145 531 1189; x_wconf 75' lang='lat' dir='ltr'><strong>sterumate</strong></span> <span class='ocrx_word' id='word_1_63' title='bbox 574 1152 790 1201; x_wconf 81' lang='lat' dir='ltr'><strong>corona,</strong></span> <span class='ocrx_word' id='word_1_64' title='bbox 843 1135 1039 1201; x_wconf 74' lang='grc' dir='ltr'>φυάλιν</span> <span class='ocrx_word' id='word_1_65' title='bbox 1071 1134 1217 1189; x_wconf 86' lang='lat' dir='ltr'><strong>aliud</strong></span> <span class='ocrx_word' id='word_1_66' title='bbox 1263 1136 1396 1205; x_wconf 87' lang='lat' dir='ltr'><strong>regii</strong></span> <span class='ocrx_word' id='word_1_67' title='bbox 1445 1136 1642 1204; x_wconf 87' lang='lat' dir='ltr'><strong>capitis</strong></span> <span class='ocrx_word' id='word_1_68' title='bbox 1692 1151 1819 1205; x_wconf 84' lang='lat' dir='ltr'><strong>ope-</strong></span> 
     </span>
    </p>
   </div>
   <div class='ocr_carea' id='block_1_11' title="bbox 245 1224 1820 1295">
    <p class='ocr_par' dir='ltr' id='par_1_11' title="bbox 245 1224 1820 1295">
     <span class='ocr_line' id='line_1_11' title="bbox 245 1224 1820 1295; baseline 0.001 -16"><span class='ocrx_word' id='word_1_69' title='bbox 245 1230 561 1292; x_wconf 89' lang='lat' dir='ltr'><strong>rimentum,</strong></span> <span class='ocrx_word' id='word_1_70' title='bbox 596 1230 663 1282; x_wconf 87' lang='lat' dir='ltr'><strong>de</strong></span> <span class='ocrx_word' id='word_1_71' title='bbox 711 1239 818 1292; x_wconf 90' lang='lat' dir='ltr'><strong>quo</strong></span> <span class='ocrx_word' id='word_1_72' title='bbox 874 1240 922 1278; x_wconf 92' lang='lat' dir='ltr'><strong>c.</strong></span> <span class='ocrx_word' id='word_1_73' title='bbox 976 1224 1009 1279; x_wconf 87' lang='lat'><strong>6</strong></span> <span class='ocrx_word' id='word_1_74' title='bbox 1042 1242 1093 1294; x_wconf 89' lang='lat' dir='ltr'><strong>p.</strong></span> <span class='ocrx_word' id='word_1_75' title='bbox 1135 1226 1221 1289; x_wconf 66' lang='lat'><strong>52,</strong></span> <span class='ocrx_word' id='word_1_76' title='bbox 1251 1229 1591 1295; x_wconf 81' lang='lat' dir='ltr'><strong>suppositum</strong></span> <span class='ocrx_word' id='word_1_77' title='bbox 1624 1242 1722 1280; x_wconf 92' lang='lat' dir='ltr'><strong>nec</strong></span> <span class='ocrx_word' id='word_1_78' title='bbox 1751 1226 1820 1280; x_wconf 89' lang='lat' dir='ltr'><strong>ab</strong></span> 
     </span>
    </p>
   </div>
   <div class='ocr_carea' id='block_1_12' title="bbox 246 1319 1821 1389">
    <p class='ocr_par' dir='ltr' id='par_1_12' title="bbox 246 1319 1821 1389">
     <span class='ocr_line' id='line_1_12' title="bbox 246 1319 1821 1389; baseline 0 -17"><span class='ocrx_word' id='word_1_79' title='bbox 246 1321 399 1372; x_wconf 87' lang='lat' dir='ltr'><strong>omni</strong></span> <span class='ocrx_word' id='word_1_80' title='bbox 437 1329 585 1389; x_wconf 89' lang='lat' dir='ltr'><strong>parte</strong></span> <span class='ocrx_word' id='word_1_81' title='bbox 613 1319 867 1389; x_wconf 78' lang='grc' dir='ltr'>στεφάνῳ</span> <span class='ocrx_word' id='word_1_82' title='bbox 925 1320 1154 1373; x_wconf 83' lang='lat' dir='ltr'><strong>velatum</strong></span> <span class='ocrx_word' id='word_1_83' title='bbox 1187 1321 1683 1383; x_wconf 62' lang='lat' dir='ltr'><strong>adhucpstentans.</strong></span> <span class='ocrx_word' id='word_1_84' title='bbox 1711 1319 1821 1373; x_wconf 85' lang='lat' dir='ltr'><strong>Ad-</strong></span> 
     </span>
    </p>
   </div>
   <div class='ocr_carea' id='block_1_13' title="bbox 246 1410 1821 1480">
    <p class='ocr_par' dir='ltr' id='par_1_13' title="bbox 246 1410 1821 1480">
     <span class='ocr_line' id='line_1_13' title="bbox 246 1410 1821 1480; baseline 0.003 -19"><span class='ocrx_word' id='word_1_85' title='bbox 246 1421 405 1465; x_wconf 84' lang='lat' dir='ltr'><strong>vcrte</strong></span> <span class='ocrx_word' id='word_1_86' title='bbox 432 1412 693 1479; x_wconf 75' lang='lat' dir='ltr'><strong>collegam</strong></span> <span class='ocrx_word' id='word_1_87' title='bbox 724 1410 937 1480; x_wconf 88' lang='lat' dir='ltr'><strong>imperii</strong></span> <span class='ocrx_word' id='word_1_88' title='bbox 966 1413 1131 1465; x_wconf 81' lang='lat' dir='ltr'><strong>etiam</strong></span> <span class='ocrx_word' id='word_1_89' title='bbox 1184 1422 1473 1465; x_wconf 83' lang='lat' dir='ltr'><strong>stemmate</strong></span> <span class='ocrx_word' id='word_1_90' title='bbox 1528 1411 1698 1465; x_wconf 80' lang='lat' dir='ltr'><strong>fuisse</strong></span> <span class='ocrx_word' id='word_1_91' title='bbox 1732 1426 1821 1465; x_wconf 88' lang='lat' dir='ltr'><strong>co-</strong></span> 
     </span>
    </p>
   </div>
   <div class='ocr_carea' id='block_1_14' title="bbox 248 1502 1818 1571">
    <p class='ocr_par' dir='ltr' id='par_1_14' title="bbox 248 1502 1818 1571">
     <span class='ocr_line' id='line_1_14' title="bbox 248 1502 1818 1571; baseline 0.002 -17"><span class='ocrx_word' id='word_1_92' title='bbox 248 1517 529 1567; x_wconf 87' lang='lat' dir='ltr'><strong>ronatum,</strong></span> <span class='ocrx_word' id='word_1_93' title='bbox 590 1502 904 1571; x_wconf 86' lang='lat' dir='ltr'><strong>quicunque</strong></span> <span class='ocrx_word' id='word_1_94' title='bbox 936 1503 1073 1555; x_wconf 80' lang='lat' dir='ltr'><strong>alius</strong></span> <span class='ocrx_word' id='word_1_95' title='bbox 1104 1503 1355 1569; x_wconf 84' lang='lat' dir='ltr'><strong>despota,</strong></span> <span class='ocrx_word' id='word_1_96' title='bbox 1390 1503 1818 1565; x_wconf 86' lang='lat' dir='ltr'><strong>sebastecrator.</strong></span> 
     </span>
    </p>
   </div>
   <div class='ocr_carea' id='block_1_15' title="bbox 245 1592 1819 1665">
    <p class='ocr_par' dir='ltr' id='par_1_15' title="bbox 245 1592 1819 1665">
     <span class='ocr_line' id='line_1_15' title="bbox 245 1592 1819 1665; baseline 0 -18"><span class='ocrx_word' id='word_1_97' title='bbox 245 1594 469 1657; x_wconf 68' lang='lat' dir='ltr'><strong>Caesar,</strong></span> <span class='ocrx_word' id='word_1_98' title='bbox 530 1608 744 1648; x_wconf 76' lang='lat' dir='ltr'><strong>coronae</strong></span> <span class='ocrx_word' id='word_1_99' title='bbox 794 1593 1012 1661; x_wconf 85' lang='lat' dir='ltr'><strong>quidem</strong></span> <span class='ocrx_word' id='word_1_100' title='bbox 1072 1595 1381 1665; x_wconf 64' lang='lat' dir='ltr'><strong>gestandae,</strong></span> <span class='ocrx_word' id='word_1_101' title='bbox 1433 1592 1577 1647; x_wconf 85' lang='lat' dir='ltr'><strong>haud</strong></span> <span class='ocrx_word' id='word_1_102' title='bbox 1640 1603 1819 1649; x_wconf 86' lang='lat' dir='ltr'><strong>tamen</strong></span> 
     </span>
    </p>
   </div>
   <div class='ocr_carea' id='block_1_16' title="bbox 246 1685 1822 1756">
    <p class='ocr_par' dir='ltr' id='par_1_16' title="bbox 246 1685 1822 1756">
     <span class='ocr_line' id='line_1_16' title="bbox 246 1685 1822 1756; baseline 0 -17"><span class='ocrx_word' id='word_1_103' title='bbox 246 1686 551 1741; x_wconf 77' lang='lat' dir='ltr'><strong>stemmatis</strong></span> <span class='ocrx_word' id='word_1_104' title='bbox 576 1686 665 1756; x_wconf 86' lang='lat' dir='ltr'><strong>jus</strong></span> <span class='ocrx_word' id='word_1_105' title='bbox 691 1693 969 1754; x_wconf 71' lang='lat' dir='ltr'><strong>acceptum</strong></span> <span class='ocrx_word' id='word_1_106' title='bbox 994 1703 1007 1751; x_wconf 93' lang='lat'><strong>;</strong></span> <span class='ocrx_word' id='word_1_107' title='bbox 1042 1700 1103 1739; x_wconf 87' lang='lat' dir='ltr'><strong>ac</strong></span> <span class='ocrx_word' id='word_1_108' title='bbox 1126 1687 1328 1740; x_wconf 79' lang='lat' dir='ltr'><strong>idcirco</strong></span> <span class='ocrx_word' id='word_1_109' title='bbox 1356 1685 1617 1754; x_wconf 78' lang='grc' dir='ltr'>στέφανον</span> <span class='ocrx_word' id='word_1_110' title='bbox 1640 1696 1822 1755; x_wconf 86' lang='lat' dir='ltr'><strong>gesta-</strong></span> 
     </span>
    </p>
   </div>
   <div class='ocr_carea' id='block_1_17' title="bbox 250 1777 1819 1848">
    <p class='ocr_par' dir='ltr' id='par_1_17' title="bbox 250 1777 1819 1848">
     <span class='ocr_line' id='line_1_17' title="bbox 250 1777 1819 1848; baseline -0.001 -18"><span class='ocrx_word' id='word_1_111' title='bbox 250 1793 331 1841; x_wconf 89' lang='lat' dir='ltr'><strong>re,</strong></span> <span class='ocrx_word' id='word_1_112' title='bbox 372 1792 479 1831; x_wconf 88' lang='lat' dir='ltr'><strong>non</strong></span> <span class='ocrx_word' id='word_1_113' title='bbox 512 1779 757 1847; x_wconf 80' lang='grc' dir='ltr'><strong>στέμμα,</strong></span> <span class='ocrx_word' id='word_1_114' title='bbox 790 1778 873 1832; x_wconf 86' lang='lat' dir='ltr'><strong>vel</strong></span> <span class='ocrx_word' id='word_1_115' title='bbox 927 1777 1268 1845; x_wconf 77' lang='grc' dir='ltr'><strong>ἐστεμμένον</strong></span> <span class='ocrx_word' id='word_1_116' title='bbox 1319 1778 1589 1848; x_wconf 76' lang='lat' dir='ltr'><strong>progredi.</strong></span> <span class='ocrx_word' id='word_1_117' title='bbox 1628 1780 1671 1829; x_wconf 88' lang='lat' dir='ltr'><strong>A</strong></span> <span class='ocrx_word' id='word_1_118' title='bbox 1704 1792 1819 1832; x_wconf 85' lang='lat' dir='ltr'><strong>ser-</strong></span> 
     </span>
    </p>
   </div>
   <div class='ocr_carea' id='block_1_18' title="bbox 248 1862 1815 1938">
    <p class='ocr_par' dir='ltr' id='par_1_18' title="bbox 248 1862 1815 1938">
     <span class='ocr_line' id='line_1_18' title="bbox 248 1862 1815 1938; baseline 0 -19"><span class='ocrx_word' id='word_1_119' title='bbox 248 1870 321 1922; x_wconf 79' lang='lat' dir='ltr'><strong>Iis</strong></span> <span class='ocrx_word' id='word_1_120' title='bbox 355 1869 521 1937; x_wconf 90' lang='lat' dir='ltr'><strong>igitur</strong></span> <span class='ocrx_word' id='word_1_121' title='bbox 547 1862 599 1923; x_wconf 85' lang='lat' dir='ltr'><strong>et</strong></span> <span class='ocrx_word' id='word_1_122' title='bbox 651 1869 785 1923; x_wconf 86' lang='lat' dir='ltr'><strong>velis</strong></span> <span class='ocrx_word' id='word_1_123' title='bbox 841 1867 1082 1923; x_wconf 78' lang='lat' dir='ltr'><strong>ferendis</strong></span> <span class='ocrx_word' id='word_1_124' title='bbox 1132 1867 1292 1938; x_wconf 88' lang='lat' dir='ltr'><strong>longe</strong></span> <span class='ocrx_word' id='word_1_125' title='bbox 1347 1868 1559 1923; x_wconf 86' lang='lat' dir='ltr'><strong>alienus</strong></span> <span class='ocrx_word' id='word_1_126' title='bbox 1596 1866 1815 1935; x_wconf 84' lang='lat' dir='ltr'><strong>conspi-</strong></span> 
     </span>
    </p>
   </div>
   <div class='ocr_carea' id='block_1_19' title="bbox 248 1964 412 2015">
    <p class='ocr_par' dir='ltr' id='par_1_19' title="bbox 248 1964 412 2015">
     <span class='ocr_line' id='line_1_19' title="bbox 248 1964 412 2015; baseline 0 0"><span class='ocrx_word' id='word_1_127' title='bbox 248 1964 412 2015; x_wconf 86' lang='lat' dir='ltr'><strong>citur.</strong></span> 
     </span>
    </p>
   </div>
   <div class='ocr_carea' id='block_1_20' title="bbox 322 2055 1817 2127">
    <p class='ocr_par' dir='ltr' id='par_1_20' title="bbox 322 2055 1817 2127">
     <span class='ocr_line' id='line_1_20' title="bbox 322 2055 1817 2127; baseline 0.001 -18"><span class='ocrx_word' id='word_1_128' title='bbox 322 2055 408 2109; x_wconf 86' lang='lat' dir='ltr'><strong>Ib.</strong></span> <span class='ocrx_word' id='word_1_129' title='bbox 444 2056 748 2127; x_wconf 77' lang='grc' dir='ltr'><strong>[Ἂρπάζέι</strong></span> <span class='ocrx_word' id='word_1_130' title='bbox 791 2057 1039 2111; x_wconf 69' lang='grc' dir='ltr'><strong>κλάδον.</strong></span> <span class='ocrx_word' id='word_1_131' title='bbox 1072 2056 1271 2113; x_wconf 76' lang='lat' dir='ltr'><strong>Remos</strong></span> <span class='ocrx_word' id='word_1_132' title='bbox 1326 2057 1428 2111; x_wconf 86' lang='lat' dir='ltr'><strong>hac</strong></span> <span class='ocrx_word' id='word_1_133' title='bbox 1479 2058 1817 2112; x_wconf 75' lang='lat' dir='ltr'><strong>solemnitate</strong></span> 
     </span>
    </p>
   </div>
   <div class='ocr_carea' id='block_1_21' title="bbox 249 2150 1817 2219">
    <p class='ocr_par' dir='ltr' id='par_1_21' title="bbox 249 2150 1817 2219">
     <span class='ocr_line' id='line_1_21' title="bbox 249 2150 1817 2219; baseline 0 -18"><span class='ocrx_word' id='word_1_134' title='bbox 249 2157 490 2219; x_wconf 80' lang='lat' dir='ltr'><strong>gestatos</strong></span> <span class='ocrx_word' id='word_1_135' title='bbox 524 2150 576 2203; x_wconf 89' lang='lat' dir='ltr'><strong>in</strong></span> <span class='ocrx_word' id='word_1_136' title='bbox 610 2150 894 2203; x_wconf 86' lang='lat' dir='ltr'><strong>matutinis</strong></span> <span class='ocrx_word' id='word_1_137' title='bbox 927 2151 1094 2204; x_wconf 84' lang='lat' dir='ltr'><strong>tacuit</strong></span> <span class='ocrx_word' id='word_1_138' title='bbox 1122 2150 1384 2204; x_wconf 78' lang='lat' dir='ltr'><strong>Codinus.</strong></span> <span class='ocrx_word' id='word_1_139' title='bbox 1420 2150 1682 2219; x_wconf 81' lang='lat' dir='ltr'><strong>Typicum</strong></span> <span class='ocrx_word' id='word_1_140' title='bbox 1715 2150 1817 2202; x_wconf 86' lang='lat' dir='ltr'><strong>do-</strong></span> 
     </span>
    </p>
   </div>
   <div class='ocr_carea' id='block_1_22' title="bbox 246 2215 1819 2309">
    <p class='ocr_par' dir='ltr' id='par_1_22' title="bbox 246 2215 1819 2309">
     <span class='ocr_line' id='line_1_22' title="bbox 246 2215 1819 2309; baseline 0 -16"><span class='ocrx_word' id='word_1_141' title='bbox 246 2215 369 2302; x_wconf 58' lang='lat' dir='ltr'><strong>eri,</strong></span> <span class='ocrx_word' id='word_1_142' title='bbox 415 2241 501 2293; x_wconf 82' lang='grc' dir='ltr'><strong>ὅτε</strong></span> <span class='ocrx_word' id='word_1_143' title='bbox 532 2241 865 2304; x_wconf 77' lang='grc' dir='ltr'><strong>ἀσπάζονται</strong></span> <span class='ocrx_word' id='word_1_144' title='bbox 894 2244 939 2294; x_wconf 79' lang='grc' dir='ltr'>οἱ</span> <span class='ocrx_word' id='word_1_145' title='bbox 976 2242 1192 2309; x_wconf 61' lang='grc' dir='ltr'><strong>ἀδελφοὶ</strong></span> <span class='ocrx_word' id='word_1_146' title='bbox 1227 2244 1285 2293; x_wconf 72' lang='grc' dir='ltr'>τὸ</span> <span class='ocrx_word' id='word_1_147' title='bbox 1318 2215 1673 2309; x_wconf 39' lang='lat' dir='ltr'><strong>Ebur-velim),</strong></span> <span class='ocrx_word' id='word_1_148' title='bbox 1704 2242 1819 2293; x_wconf 81' lang='grc' dir='ltr'><strong>δια-</strong></span> 
     </span>
    </p>
   </div>
   <div class='ocr_carea' id='block_1_23' title="bbox 247 2332 1815 2403">
    <p class='ocr_par' dir='ltr' id='par_1_23' title="bbox 247 2332 1815 2403">
     <span class='ocr_line' id='line_1_23' title="bbox 247 2332 1815 2403; baseline 0.001 -20"><span class='ocrx_word' id='word_1_149' title='bbox 247 2334 442 2401; x_wconf 77' lang='grc' dir='ltr'>νέμειν</span> <span class='ocrx_word' id='word_1_150' title='bbox 469 2332 561 2385; x_wconf 77' lang='grc' dir='ltr'>τὸν</span> <span class='ocrx_word' id='word_1_151' title='bbox 587 2332 894 2403; x_wconf 78' lang='grc' dir='ltr'>ἡγούμενον</span> <span class='ocrx_word' id='word_1_152' title='bbox 925 2333 995 2385; x_wconf 82' lang='grc' dir='ltr'>τὰ</span> <span class='ocrx_word' id='word_1_153' title='bbox 1035 2332 1186 2401; x_wconf 74' lang='grc' dir='ltr'><strong>βαΐα,</strong></span> <span class='ocrx_word' id='word_1_154' title='bbox 1206 2332 1259 2387; x_wconf 88' lang='lat' dir='ltr'><strong>in</strong></span> <span class='ocrx_word' id='word_1_155' title='bbox 1286 2335 1390 2387; x_wconf 83' lang='lat' dir='ltr'><strong>[ine</strong></span> <span class='ocrx_word' id='word_1_156' title='bbox 1422 2333 1815 2386; x_wconf 87' lang='lat' dir='ltr'><strong>matutinarum</strong></span> 
     </span>
    </p>
   </div>
   <div class='ocr_carea' id='block_1_24' title="bbox 247 2422 1819 2494">
    <p class='ocr_par' dir='ltr' id='par_1_24' title="bbox 247 2422 1819 2494">
     <span class='ocr_line' id='line_1_24' title="bbox 247 2422 1819 2494; baseline 0.001 -20"><span class='ocrx_word' id='word_1_157' title='bbox 247 2437 472 2490; x_wconf 86' lang='lat' dir='ltr'><strong>precum</strong></span> <span class='ocrx_word' id='word_1_158' title='bbox 510 2422 771 2477; x_wconf 80' lang='lat' dir='ltr'><strong>fratribus</strong></span> <span class='ocrx_word' id='word_1_159' title='bbox 803 2424 867 2477; x_wconf 91' lang='lat' dir='ltr'><strong>ad</strong></span> <span class='ocrx_word' id='word_1_160' title='bbox 909 2424 1187 2494; x_wconf 77' lang='lat' dir='ltr'><strong>Evangelii</strong></span> <span class='ocrx_word' id='word_1_161' title='bbox 1233 2424 1478 2479; x_wconf 90' lang='lat' dir='ltr'><strong>osculum</strong></span> <span class='ocrx_word' id='word_1_162' title='bbox 1513 2423 1819 2478; x_wconf 89' lang='lat' dir='ltr'><strong>accedenti-</strong></span> 
     </span>
    </p>
   </div>
   <div class='ocr_carea' id='block_1_25' title="bbox 250 2516 1819 2586">
    <p class='ocr_par' dir='ltr' id='par_1_25' title="bbox 250 2516 1819 2586">
     <span class='ocr_line' id='line_1_25' title="bbox 250 2516 1819 2586; baseline 0.001 -17"><span class='ocrx_word' id='word_1_163' title='bbox 250 2517 352 2569; x_wconf 89' lang='lat' dir='ltr'><strong>bus</strong></span> <span class='ocrx_word' id='word_1_164' title='bbox 379 2516 619 2570; x_wconf 71' lang='lat' dir='ltr'><strong>ecclesite</strong></span> <span class='ocrx_word' id='word_1_165' title='bbox 649 2518 987 2586; x_wconf 89' lang='lat' dir='ltr'><strong>superiorem</strong></span> <span class='ocrx_word' id='word_1_166' title='bbox 1047 2518 1353 2585; x_wconf 83' lang='lat' dir='ltr'><strong>palmarum</strong></span> <span class='ocrx_word' id='word_1_167' title='bbox 1411 2531 1594 2570; x_wconf 90' lang='lat' dir='ltr'><strong>ramos</strong></span> <span class='ocrx_word' id='word_1_168' title='bbox 1628 2516 1819 2571; x_wconf 87' lang='lat' dir='ltr'><strong>distri-</strong></span> 
     </span>
    </p>
   </div>
   <div class='ocr_carea' id='block_1_26' title="bbox 247 2610 1817 2680">
    <p class='ocr_par' dir='ltr' id='par_1_26' title="bbox 247 2610 1817 2680">
     <span class='ocr_line' id='line_1_26' title="bbox 247 2610 1817 2680; baseline -0.001 -17"><span class='ocrx_word' id='word_1_169' title='bbox 247 2612 439 2674; x_wconf 71' lang='lat' dir='ltr'><strong>buere,</strong></span> <span class='ocrx_word' id='word_1_170' title='bbox 477 2611 543 2665; x_wconf 89' lang='lat' dir='ltr'><strong>ad</strong></span> <span class='ocrx_word' id='word_1_171' title='bbox 576 2612 734 2665; x_wconf 80' lang='lat' dir='ltr'><strong>tiriem</strong></span> <span class='ocrx_word' id='word_1_172' title='bbox 771 2627 946 2680; x_wconf 91' lang='lat' dir='ltr'><strong>usque</strong></span> <span class='ocrx_word' id='word_1_173' title='bbox 985 2610 1145 2666; x_wconf 76' lang='lat' dir='ltr'><strong>otiicii</strong></span> <span class='ocrx_word' id='word_1_174' title='bbox 1179 2612 1492 2679; x_wconf 79' lang='lat' dir='ltr'><strong>geSIaudos.</strong></span> <span class='ocrx_word' id='word_1_175' title='bbox 1521 2610 1699 2678; x_wconf 78' lang='grc' dir='ltr'>Εὑχὴν</span> <span class='ocrx_word' id='word_1_176' title='bbox 1740 2612 1817 2672; x_wconf 84' lang='grc' dir='ltr'><strong>εἰς</strong></span> 
     </span>
    </p>
   </div>
   <div class='ocr_carea' id='block_1_27' title="bbox 248 2702 1813 2780">
    <p class='ocr_par' dir='ltr' id='par_1_27' title="bbox 248 2702 1813 2780">
     <span class='ocr_line' id='line_1_27' title="bbox 248 2702 1813 2780; baseline 0.001 -26"><span class='ocrx_word' id='word_1_177' title='bbox 248 2702 310 2754; x_wconf 76' lang='grc' dir='ltr'>τὸ</span> <span class='ocrx_word' id='word_1_178' title='bbox 335 2703 519 2756; x_wconf 74' lang='grc' dir='ltr'><strong>δοῦναι</strong></span> <span class='ocrx_word' id='word_1_179' title='bbox 545 2704 611 2755; x_wconf 73' lang='grc' dir='ltr'>τὰ</span> <span class='ocrx_word' id='word_1_180' title='bbox 639 2703 768 2772; x_wconf 75' lang='grc' dir='ltr'><strong>βαΐα</strong></span> <span class='ocrx_word' id='word_1_181' title='bbox 791 2704 1147 2773; x_wconf 76' lang='grc' dir='ltr'><strong>τῇβαῖοφὸρῳ</strong></span> <span class='ocrx_word' id='word_1_182' title='bbox 1180 2704 1381 2780; x_wconf 76' lang='lat' dir='ltr'><strong>promit</strong></span> <span class='ocrx_word' id='word_1_183' title='bbox 1402 2702 1813 2770; x_wconf 84' lang='lat' dir='ltr'><strong>Enchologium.</strong></span> 
     </span>
    </p>
   </div>
   <div class='ocr_carea' id='block_1_28' title="bbox 250 2793 1819 2863">
    <p class='ocr_par' dir='ltr' id='par_1_28' title="bbox 250 2793 1819 2863">
     <span class='ocr_line' id='line_1_28' title="bbox 250 2793 1819 2863; baseline -0.001 -17"><span class='ocrx_word' id='word_1_184' title='bbox 250 2793 436 2847; x_wconf 80' lang='lat' dir='ltr'><strong>Ritum</strong></span> <span class='ocrx_word' id='word_1_185' title='bbox 471 2794 690 2863; x_wconf 90' lang='lat' dir='ltr'><strong>insuper</strong></span> <span class='ocrx_word' id='word_1_186' title='bbox 726 2795 932 2848; x_wconf 87' lang='lat' dir='ltr'><strong>ultimis</strong></span> <span class='ocrx_word' id='word_1_187' title='bbox 962 2795 1178 2863; x_wconf 89' lang='lat' dir='ltr'><strong>imperii</strong></span> <span class='ocrx_word' id='word_1_188' title='bbox 1225 2794 1381 2848; x_wconf 89' lang='lat' dir='ltr'><strong>annis</strong></span> <span class='ocrx_word' id='word_1_189' title='bbox 1422 2794 1598 2847; x_wconf 88' lang='lat' dir='ltr'><strong>adhuc</strong></span> <span class='ocrx_word' id='word_1_190' title='bbox 1632 2794 1819 2846; x_wconf 83' lang='lat' dir='ltr'><strong>obser-</strong></span> 
     </span>
    </p>
   </div>
   <div class='ocr_carea' id='block_1_29' title="bbox 249 2884 1817 2953">
    <p class='ocr_par' dir='ltr' id='par_1_29' title="bbox 249 2884 1817 2953">
     <span class='ocr_line' id='line_1_29' title="bbox 249 2884 1817 2953; baseline -0.001 -18"><span class='ocrx_word' id='word_1_191' title='bbox 249 2896 434 2940; x_wconf 74' lang='lat' dir='ltr'><strong>vatum</strong></span> <span class='ocrx_word' id='word_1_192' title='bbox 517 2894 749 2939; x_wconf 88' lang='lat' dir='ltr'><strong>testatur</strong></span> <span class='ocrx_word' id='word_1_193' title='bbox 801 2885 1061 2939; x_wconf 76' lang='lat' dir='ltr'><strong>Phranzae</strong></span> <span class='ocrx_word' id='word_1_194' title='bbox 1118 2885 1388 2953; x_wconf 90' lang='lat' dir='ltr'><strong>interpres</strong></span> <span class='ocrx_word' id='word_1_195' title='bbox 1452 2886 1537 2939; x_wconf 87' lang='lat' dir='ltr'><strong>his</strong></span> <span class='ocrx_word' id='word_1_196' title='bbox 1596 2884 1817 2937; x_wconf 81' lang='lat' dir='ltr'><strong>verbis:</strong></span> 
     </span>
    </p>
   </div>
   <div class='ocr_carea' id='block_1_30' title="bbox 250 2976 1816 3048">
    <p class='ocr_par' dir='ltr' id='par_1_30' title="bbox 250 2976 1816 3048">
     <span class='ocr_line' id='line_1_30' title="bbox 250 2976 1816 3048; baseline -0.003 -15"><span class='ocrx_word' id='word_1_197' title='bbox 250 2979 516 3033; x_wconf 76' lang='lat' dir='ltr'><strong>Postridie</strong></span> <span class='ocrx_word' id='word_1_198' title='bbox 546 2980 797 3048; x_wconf 86' lang='lat' dir='ltr'><strong>quoniam</strong></span> <span class='ocrx_word' id='word_1_199' title='bbox 825 2976 1137 3031; x_wconf 87' lang='lat' dir='ltr'><strong>Palmarum</strong></span> <span class='ocrx_word' id='word_1_200' title='bbox 1191 2977 1497 3031; x_wconf 80' lang='lat' dir='ltr'><strong>selemnitas</strong></span> <span class='ocrx_word' id='word_1_201' title='bbox 1533 2978 1816 3041; x_wconf 73' lang='lat' dir='ltr'><strong>incidebat,</strong></span> 
     </span>
    </p>
   </div>
   <div class='ocr_carea' id='block_1_31' title="bbox 249 3070 1816 3140">
    <p class='ocr_par' dir='ltr' id='par_1_31' title="bbox 249 3070 1816 3140">
     <span class='ocr_line' id='line_1_31' title="bbox 249 3070 1816 3140; baseline -0.002 -15"><span class='ocrx_word' id='word_1_202' title='bbox 249 3072 411 3140; x_wconf 81' lang='lat' dir='ltr'><strong>myrti</strong></span> <span class='ocrx_word' id='word_1_203' title='bbox 437 3087 607 3123; x_wconf 88' lang='lat' dir='ltr'><strong>ramos</strong></span> <span class='ocrx_word' id='word_1_204' title='bbox 635 3080 993 3139; x_wconf 84' lang='lat' dir='ltr'><strong>amputemus,</strong></span> <span class='ocrx_word' id='word_1_205' title='bbox 1027 3086 1151 3139; x_wconf 86' lang='lat' dir='ltr'><strong>quos</strong></span> <span class='ocrx_word' id='word_1_206' title='bbox 1188 3070 1429 3123; x_wconf 86' lang='lat' dir='ltr'><strong>manibus</strong></span> <span class='ocrx_word' id='word_1_207' title='bbox 1464 3079 1631 3139; x_wconf 91' lang='lat' dir='ltr'><strong>gestat</strong></span> <span class='ocrx_word' id='word_1_208' title='bbox 1678 3079 1816 3122; x_wconf 88' lang='lat' dir='ltr'><strong>totus</strong></span> 
     </span>
    </p>
   </div>
   <div class='ocr_carea' id='block_1_32' title="bbox 246 3159 1891 3229">
    <p class='ocr_par' dir='ltr' id='par_1_32' title="bbox 246 3159 1891 3229">
     <span class='ocr_line' id='line_1_32' title="bbox 246 3159 1891 3229; baseline -0.001 -15"><span class='ocrx_word' id='word_1_209' title='bbox 246 3161 532 3215; x_wconf 73' lang='lat' dir='ltr'><strong>exercitus.</strong></span> <span class='ocrx_word' id='word_1_210' title='bbox 560 3162 599 3211; x_wconf 75' lang='grc' dir='ltr'>Α</span> <span class='ocrx_word' id='word_1_211' title='bbox 634 3159 861 3214; x_wconf 80' lang='lat' dir='ltr'><strong>retentis</strong></span> <span class='ocrx_word' id='word_1_212' title='bbox 900 3170 953 3213; x_wconf 91' lang='lat' dir='ltr'><strong>et</strong></span> <span class='ocrx_word' id='word_1_213' title='bbox 991 3174 1149 3212; x_wconf 91' lang='lat' dir='ltr'><strong>manu</strong></span> <span class='ocrx_word' id='word_1_214' title='bbox 1183 3160 1408 3227; x_wconf 88' lang='lat' dir='ltr'><strong>gestatis</strong></span> <span class='ocrx_word' id='word_1_215' title='bbox 1448 3159 1613 3229; x_wconf 80' lang='lat' dir='ltr'><strong>myrti</strong></span> <span class='ocrx_word' id='word_1_216' title='bbox 1646 3160 1813 3213; x_wconf 88' lang='lat' dir='ltr'><strong>ramis</strong></span> <span class='ocrx_word' id='word_1_217' title='bbox 1848 3162 1891 3219; x_wconf 86' lang='lat' dir='ltr'><strong>c</strong></span> 
     </span>
    </p>
   </div>
   <div class='ocr_carea' id='block_1_33' title="bbox 249 3252 1822 3320">
    <p class='ocr_par' dir='ltr' id='par_1_33' title="bbox 249 3252 1822 3320">
     <span class='ocr_line' id='line_1_33' title="bbox 249 3252 1822 3320; baseline -0.002 -13"><span class='ocrx_word' id='word_1_218' title='bbox 249 3252 599 3307; x_wconf 61' lang='lat' dir='ltr'><strong>stationarios</strong></span> <span class='ocrx_word' id='word_1_219' title='bbox 629 3256 933 3320; x_wconf 79' lang='grc' dir='ltr'>μυρταῖτας</span> <span class='ocrx_word' id='word_1_220' title='bbox 961 3252 1134 3304; x_wconf 79' lang='lat' dir='ltr'><strong>dictos</strong></span> <span class='ocrx_word' id='word_1_221' title='bbox 1168 3253 1387 3319; x_wconf 82' lang='lat' dir='ltr'><strong>scriptis</strong></span> <span class='ocrx_word' id='word_1_222' title='bbox 1418 3252 1618 3305; x_wconf 83' lang='lat' dir='ltr'><strong>asserit</strong></span> <span class='ocrx_word' id='word_1_223' title='bbox 1647 3252 1822 3306; x_wconf 84' lang='lat' dir='ltr'><strong>Geor-</strong></span> 
     </span>
    </p>
   </div>
   <div class='ocr_carea' id='block_1_34' title="bbox 247 3341 1821 3412">
    <p class='ocr_par' dir='ltr' id='par_1_34' title="bbox 247 3341 1821 3412">
     <span class='ocr_line' id='line_1_34' title="bbox 247 3341 1821 3412; baseline 0.001 -16"><span class='ocrx_word' id='word_1_224' title='bbox 247 3345 373 3412; x_wconf 85' lang='lat' dir='ltr'><strong>gius</strong></span> <span class='ocrx_word' id='word_1_225' title='bbox 405 3342 677 3397; x_wconf 83' lang='lat' dir='ltr'><strong>Coresius.</strong></span> <span class='ocrx_word' id='word_1_226' title='bbox 706 3341 993 3395; x_wconf 84' lang='lat' dir='ltr'><strong>Balsamon</strong></span> <span class='ocrx_word' id='word_1_227' title='bbox 1021 3342 1273 3398; x_wconf 81' lang='lat' dir='ltr'><strong>Meditato</strong></span> <span class='ocrx_word' id='word_1_228' title='bbox 1304 3344 1377 3397; x_wconf 88' lang='lat' dir='ltr'><strong>De</strong></span> <span class='ocrx_word' id='word_1_229' title='bbox 1411 3344 1653 3398; x_wconf 88' lang='lat' dir='ltr'><strong>incensis</strong></span> <span class='ocrx_word' id='word_1_230' title='bbox 1688 3344 1723 3396; x_wconf 93' lang='lat' dir='ltr'><strong>l.</strong></span> <span class='ocrx_word' id='word_1_231' title='bbox 1750 3359 1821 3397; x_wconf 88' lang='lat' dir='ltr'><strong>\&#39;l|</strong></span> 
     </span>
    </p>
   </div>
   <div class='ocr_carea' id='block_1_35' title="bbox 244 3432 1823 3503">
    <p class='ocr_par' dir='ltr' id='par_1_35' title="bbox 244 3432 1823 3503">
     <span class='ocr_line' id='line_1_35' title="bbox 244 3432 1823 3503; baseline -0.003 -13"><span class='ocrx_word' id='word_1_232' title='bbox 244 3436 402 3491; x_wconf 84' lang='lat' dir='ltr'><strong>Juris</strong></span> <span class='ocrx_word' id='word_1_233' title='bbox 440 3432 583 3489; x_wconf 60' lang='lat' dir='ltr'><strong>CIL:</strong></span> <span class='ocrx_word' id='word_1_234' title='bbox 617 3434 859 3497; x_wconf 68' lang='grc' dir='ltr'><strong>κλάδους</strong></span> <span class='ocrx_word' id='word_1_235' title='bbox 895 3434 1157 3500; x_wconf 77' lang='grc' dir='ltr'>φοινίκων</span> <span class='ocrx_word' id='word_1_236' title='bbox 1194 3436 1287 3487; x_wconf 70' lang='grc' dir='ltr'><strong>καὶ</strong></span> <span class='ocrx_word' id='word_1_237' title='bbox 1333 3435 1610 3503; x_wconf 81' lang='grc' dir='ltr'>μυρσίνων</span> <span class='ocrx_word' id='word_1_238' title='bbox 1641 3436 1823 3503; x_wconf 77' lang='grc' dir='ltr'><strong>βλέπω</strong></span> 
     </span>
    </p>
   </div>
   <div class='ocr_carea' id='block_1_36' title="bbox 243 3526 1818 3598">
    <p class='ocr_par' dir='ltr' id='par_1_36' title="bbox 243 3526 1818 3598">
     <span class='ocr_line' id='line_1_36' title="bbox 243 3526 1818 3598; baseline -0.002 -17"><span class='ocrx_word' id='word_1_239' title='bbox 243 3530 373 3589; x_wconf 70' lang='grc' dir='ltr'>τοὺς</span> <span class='ocrx_word' id='word_1_240' title='bbox 411 3526 733 3594; x_wconf 79' lang='grc' dir='ltr'><strong>ἀνθρώπους</strong></span> <span class='ocrx_word' id='word_1_241' title='bbox 777 3528 1107 3595; x_wconf 72' lang='grc' dir='ltr'><strong>κατέχοντας</strong></span> <span class='ocrx_word' id='word_1_242' title='bbox 1140 3529 1231 3579; x_wconf 77' lang='grc' dir='ltr'>καὶ</span> <span class='ocrx_word' id='word_1_243' title='bbox 1278 3528 1378 3597; x_wconf 80' lang='grc' dir='ltr'>τὴν</span> <span class='ocrx_word' id='word_1_244' title='bbox 1412 3526 1703 3598; x_wconf 75' lang='grc' dir='ltr'>βαῐοφόρον</span> <span class='ocrx_word' id='word_1_245' title='bbox 1736 3527 1818 3578; x_wconf 86' lang='grc' dir='ltr'><strong>δο-</strong></span> 
     </span>
    </p>
   </div>
   <div class='ocr_carea' id='block_1_37' title="bbox 246 3617 757 3689">
    <p class='ocr_par' dir='ltr' id='par_1_37' title="bbox 246 3617 757 3689">
     <span class='ocr_line' id='line_1_37' title="bbox 246 3617 757 3689; baseline -0.006 -15"><span class='ocrx_word' id='word_1_246' title='bbox 246 3621 527 3685; x_wconf 74' lang='grc' dir='ltr'>ξὰζοντας.</span> <span class='ocrx_word' id='word_1_247' title='bbox 564 3617 757 3689; x_wconf 55' lang='grc' dir='ltr'>ϐολιι]</span> 
     </span>
    </p>
   </div>
   <div class='ocr_carea' id='block_1_38' title="bbox 858 3709 1216 3766">
    <p class='ocr_par' dir='ltr' id='par_1_38' title="bbox 858 3709 1216 3766">
     <span class='ocr_line' id='line_1_38' title="bbox 858 3709 1216 3766; baseline -0.006 0"><span class='ocrx_word' id='word_1_248' title='bbox 858 3709 1087 3766; x_wconf 86' lang='lat' dir='ltr'><strong>CAPUT</strong></span> <span class='ocrx_word' id='word_1_249' title='bbox 1128 3710 1216 3764; x_wconf 87' lang='lat' dir='ltr'><strong>Vl.</strong></span> 
     </span>
    </p>
   </div>
   <div class='ocr_carea' id='block_1_39' title="bbox 281 3825 1787 3894">
    <p class='ocr_par' dir='ltr' id='par_1_39' title="bbox 281 3825 1787 3894">
     <span class='ocr_line' id='line_1_39' title="bbox 281 3825 1787 3894; baseline -0.001 -13"><span class='ocrx_word' id='word_1_250' title='bbox 281 3825 680 3881; x_wconf 71' lang='lat' dir='ltr'><strong>Observationes</strong></span> <span class='ocrx_word' id='word_1_251' title='bbox 711 3838 757 3879; x_wconf 86' lang='lat' dir='ltr'><strong>et</strong></span> <span class='ocrx_word' id='word_1_252' title='bbox 789 3826 1165 3894; x_wconf 70' lang='lat' dir='ltr'><strong>explicationes</strong></span> <span class='ocrx_word' id='word_1_253' title='bbox 1198 3826 1254 3877; x_wconf 88' lang='lat' dir='ltr'><strong>in</strong></span> <span class='ocrx_word' id='word_1_254' title='bbox 1294 3841 1339 3878; x_wconf 83' lang='grc' dir='ltr'><strong>ε.</strong></span> <span class='ocrx_word' id='word_1_255' title='bbox 1370 3826 1457 3886; x_wconf 80' lang='grc' dir='ltr'><strong>Η.</strong></span> <span class='ocrx_word' id='word_1_256' title='bbox 1514 3826 1656 3894; x_wconf 87' lang='lat' dir='ltr'><strong>quod</strong></span> <span class='ocrx_word' id='word_1_257' title='bbox 1708 3836 1787 3879; x_wconf 86' lang='lat' dir='ltr'><strong>est</strong></span> 
     </span>
    </p>
   </div>
   <div class='ocr_carea' id='block_1_40' title="bbox 706 3896 1333 3963">
    <p class='ocr_par' dir='ltr' id='par_1_40' title="bbox 706 3896 1333 3963">
     <span class='ocr_line' id='line_1_40' title="bbox 706 3896 1333 3963; baseline 0 -15"><span class='ocrx_word' id='word_1_258' title='bbox 706 3896 769 3949; x_wconf 88' lang='lat' dir='ltr'><strong>de</strong></span> <span class='ocrx_word' id='word_1_259' title='bbox 802 3896 947 3948; x_wconf 87' lang='lat' dir='ltr'><strong>luctu</strong></span> <span class='ocrx_word' id='word_1_260' title='bbox 978 3897 1333 3963; x_wconf 84' lang='lat' dir='ltr'><strong>imperatoris.</strong></span> 
     </span>
    </p>
   </div>
   <div class='ocr_carea' id='block_1_41' title="bbox 313 3984 1826 4057">
    <p class='ocr_par' dir='ltr' id='par_1_41' title="bbox 313 3984 1826 4057">
     <span class='ocr_line' id='line_1_41' title="bbox 313 3984 1826 4057; baseline 0 -18"><span class='ocrx_word' id='word_1_261' title='bbox 313 3985 375 4039; x_wconf 89' lang='lat' dir='ltr'><strong>P.</strong></span> <span class='ocrx_word' id='word_1_262' title='bbox 405 3987 493 4042; x_wconf 85' lang='lat'><strong>69.</strong></span> <span class='ocrx_word' id='word_1_263' title='bbox 526 3984 711 4057; x_wconf 74' lang='grc' dir='ltr'><strong>[Μετὰ</strong></span> <span class='ocrx_word' id='word_1_264' title='bbox 734 3985 1063 4053; x_wconf 71' lang='grc' dir='ltr'><strong>φορέματος</strong></span> <span class='ocrx_word' id='word_1_265' title='bbox 1080 3985 1328 4039; x_wconf 68' lang='grc' dir='ltr'><strong>λευκοῦ.</strong></span> <span class='ocrx_word' id='word_1_266' title='bbox 1358 3986 1532 4054; x_wconf 82' lang='grc' dir='ltr'><strong>Ὅπερ</strong></span> <span class='ocrx_word' id='word_1_267' title='bbox 1564 3988 1677 4038; x_wconf 75' lang='grc' dir='ltr'>ἐστὶ</span> <span class='ocrx_word' id='word_1_268' title='bbox 1704 4003 1826 4039; x_wconf 84' lang='grc' dir='ltr'>τεκ-</span> 
     </span>
    </p>
   </div>
   <div class='ocr_carea' id='block_1_42' title="bbox 246 4075 1821 4147">
    <p class='ocr_par' dir='ltr' id='par_1_42' title="bbox 246 4075 1821 4147">
     <span class='ocr_line' id='line_1_42' title="bbox 246 4075 1821 4147; baseline 0.001 -17"><span class='ocrx_word' id='word_1_269' title='bbox 246 4081 453 4147; x_wconf 74' lang='grc' dir='ltr'>μήριον</span> <span class='ocrx_word' id='word_1_270' title='bbox 511 4075 859 4129; x_wconf 77' lang='grc' dir='ltr'><strong>πενθούντων</strong></span> <span class='ocrx_word' id='word_1_271' title='bbox 914 4076 1201 4146; x_wconf 77' lang='grc' dir='ltr'><strong>βασιλέων,</strong></span> <span class='ocrx_word' id='word_1_272' title='bbox 1258 4078 1518 4143; x_wconf 89' lang='lat' dir='ltr'><strong>scripsit,</strong></span> <span class='ocrx_word' id='word_1_273' title='bbox 1555 4078 1646 4147; x_wconf 89' lang='lat' dir='ltr'><strong>qui</strong></span> <span class='ocrx_word' id='word_1_274' title='bbox 1706 4078 1821 4144; x_wconf 85' lang='lat' dir='ltr'><strong>ipse</strong></span> 
     </span>
    </p>
   </div>
   <div class='ocr_carea' id='block_1_43' title="bbox 242 4165 1819 4232">
    <p class='ocr_par' dir='ltr' id='par_1_43' title="bbox 242 4165 1819 4232">
     <span class='ocr_line' id='line_1_43' title="bbox 242 4165 1819 4232; baseline -0.001 -10"><span class='ocrx_word' id='word_1_275' title='bbox 242 4168 443 4232; x_wconf 89' lang='lat' dir='ltr'><strong>induit,</strong></span> <span class='ocrx_word' id='word_1_276' title='bbox 479 4165 892 4221; x_wconf 87' lang='lat' dir='ltr'><strong>Cantacuzenus</strong></span> <span class='ocrx_word' id='word_1_277' title='bbox 922 4166 955 4218; x_wconf 90' lang='grc' dir='ltr'><strong>Ι.</strong></span> <span class='ocrx_word' id='word_1_278' title='bbox 990 4183 1046 4220; x_wconf 86' lang='grc' dir='ltr'>ιιι</span> <span class='ocrx_word' id='word_1_279' title='bbox 1079 4185 1094 4231; x_wconf 79' lang='grc' dir='ltr'>ς</span> <span class='ocrx_word' id='word_1_280' title='bbox 1135 4168 1204 4220; x_wconf 91' lang='lat' dir='ltr'><strong>ob</strong></span> <span class='ocrx_word' id='word_1_281' title='bbox 1239 4168 1405 4219; x_wconf 78' lang='lat' dir='ltr'><strong>lilium</strong></span> <span class='ocrx_word' id='word_1_282' title='bbox 1464 4168 1565 4222; x_wconf 87' lang='lat' dir='ltr'><strong>sibi</strong></span> <span class='ocrx_word' id='word_1_283' title='bbox 1633 4178 1819 4220; x_wconf 88' lang='lat' dir='ltr'><strong>natum</strong></span> 
     </span>
    </p>
   </div>
   <div class='ocr_carea' id='block_1_44' title="bbox 242 4257 1821 4327">
    <p class='ocr_par' dir='ltr' id='par_1_44' title="bbox 242 4257 1821 4327">
     <span class='ocr_line' id='line_1_44' title="bbox 242 4257 1821 4327; baseline 0.001 -17"><span class='ocrx_word' id='word_1_284' title='bbox 242 4258 298 4310; x_wconf 89' lang='lat' dir='ltr'><strong>iu</strong></span> <span class='ocrx_word' id='word_1_285' title='bbox 328 4257 413 4309; x_wconf 88' lang='lat' dir='ltr'><strong>avi</strong></span> <span class='ocrx_word' id='word_1_286' title='bbox 463 4265 635 4309; x_wconf 91' lang='lat' dir='ltr'><strong>morte</strong></span> <span class='ocrx_word' id='word_1_287' title='bbox 680 4267 988 4324; x_wconf 78' lang='lat' dir='ltr'><strong>assumptus</strong></span> <span class='ocrx_word' id='word_1_288' title='bbox 1024 4266 1199 4310; x_wconf 87' lang='lat' dir='ltr'><strong>vestes</strong></span> <span class='ocrx_word' id='word_1_289' title='bbox 1266 4257 1520 4327; x_wconf 75' lang='lat' dir='ltr'><strong>lugubres</strong></span> <span class='ocrx_word' id='word_1_290' title='bbox 1569 4258 1821 4327; x_wconf 81' lang='lat' dir='ltr'><strong>deposuit</strong></span> 
     </span>
    </p>
   </div>
   <div class='ocr_carea' id='block_1_45' title="bbox 238 4346 1821 4419">
    <p class='ocr_par' dir='ltr' id='par_1_45' title="bbox 238 4346 1821 4419">
     <span class='ocr_line' id='line_1_45' title="bbox 238 4346 1821 4419; baseline 0 -18"><span class='ocrx_word' id='word_1_291' title='bbox 238 4346 590 4402; x_wconf 75' lang='lat' dir='ltr'><strong>Andronicus</strong></span> <span class='ocrx_word' id='word_1_292' title='bbox 650 4356 783 4400; x_wconf 89' lang='lat' dir='ltr'><strong>teste</strong></span> <span class='ocrx_word' id='word_1_293' title='bbox 814 4347 1076 4415; x_wconf 87' lang='lat' dir='ltr'><strong>Gregora,</strong></span> <span class='ocrx_word' id='word_1_294' title='bbox 1111 4365 1165 4413; x_wconf 83' lang='lat' dir='ltr'><strong>x,</strong></span> <span class='ocrx_word' id='word_1_295' title='bbox 1217 4349 1280 4402; x_wconf 74' lang='grc' dir='ltr'>ὃς</span> <span class='ocrx_word' id='word_1_296' title='bbox 1316 4349 1628 4419; x_wconf 81' lang='grc' dir='ltr'><strong>Περιχαρὴς</strong></span> <span class='ocrx_word' id='word_1_297' title='bbox 1663 4349 1821 4417; x_wconf 81' lang='grc' dir='ltr'>γενό-</span> 
     </span>
    </p>
   </div>
   <div class='ocr_carea' id='block_1_46' title="bbox 243 4436 1819 4510">
    <p class='ocr_par' dir='ltr' id='par_1_46' title="bbox 243 4436 1819 4510">
     <span class='ocr_line' id='line_1_46' title="bbox 243 4436 1819 4510; baseline 0.002 -21"><span class='ocrx_word' id='word_1_298' title='bbox 243 4442 460 4509; x_wconf 81' lang='grc' dir='ltr'>μενοςὸ</span> <span class='ocrx_word' id='word_1_299' title='bbox 492 4438 747 4504; x_wconf 68' lang='grc' dir='ltr'><strong>βασιλεὺς</strong></span> <span class='ocrx_word' id='word_1_300' title='bbox 796 4436 1032 4507; x_wconf 70' lang='grc' dir='ltr'><strong>ἧμειψεν</strong></span> <span class='ocrx_word' id='word_1_301' title='bbox 1080 4441 1160 4500; x_wconf 70' lang='grc' dir='ltr'><strong>εἰς</strong></span> <span class='ocrx_word' id='word_1_302' title='bbox 1208 4440 1269 4491; x_wconf 82' lang='grc' dir='ltr'><strong>τὸ</strong></span> <span class='ocrx_word' id='word_1_303' title='bbox 1320 4440 1704 4510; x_wconf 74' lang='grc' dir='ltr'>λαμπρότερον</span> <span class='ocrx_word' id='word_1_304' title='bbox 1750 4442 1819 4492; x_wconf 71' lang='grc' dir='ltr'>τὰ</span> 
     </span>
    </p>
   </div>
   <div class='ocr_carea' id='block_1_47' title="bbox 239 4528 1818 4599">
    <p class='ocr_par' dir='ltr' id='par_1_47' title="bbox 239 4528 1818 4599">
     <span class='ocr_line' id='line_1_47' title="bbox 239 4528 1818 4599; baseline 0 -17"><span class='ocrx_word' id='word_1_305' title='bbox 239 4529 543 4597; x_wconf 68' lang='grc' dir='ltr'>ἐνδύματα,</span> <span class='ocrx_word' id='word_1_306' title='bbox 596 4528 631 4581; x_wconf 77' lang='grc' dir='ltr'>ἃ</span> <span class='ocrx_word' id='word_1_307' title='bbox 667 4528 755 4582; x_wconf 68' lang='grc' dir='ltr'><strong>διὰ</strong></span> <span class='ocrx_word' id='word_1_308' title='bbox 801 4529 900 4598; x_wconf 83' lang='grc' dir='ltr'><strong>τὴν</strong></span> <span class='ocrx_word' id='word_1_309' title='bbox 949 4529 1041 4582; x_wconf 79' lang='grc' dir='ltr'>τοῦ</span> <span class='ocrx_word' id='word_1_310' title='bbox 1101 4531 1327 4583; x_wconf 78' lang='grc' dir='ltr'>πάππου</span> <span class='ocrx_word' id='word_1_311' title='bbox 1376 4532 1635 4599; x_wconf 78' lang='grc' dir='ltr'>τελευτὴν</span> <span class='ocrx_word' id='word_1_312' title='bbox 1679 4534 1818 4593; x_wconf 80' lang='grc' dir='ltr'>τέως</span> 
     </span>
    </p>
   </div>
   <div class='ocr_carea' id='block_1_48' title="bbox 239 4616 1816 4692">
    <p class='ocr_par' dir='ltr' id='par_1_48' title="bbox 239 4616 1816 4692">
     <span class='ocr_line' id='line_1_48' title="bbox 239 4616 1816 4692; baseline 0.001 -21"><span class='ocrx_word' id='word_1_313' title='bbox 239 4618 542 4672; x_wconf 74' lang='grc' dir='ltr'>ἐνεδέδυτο.</span> <span class='ocrx_word' id='word_1_314' title='bbox 566 4616 905 4687; x_wconf 86' lang='lat' dir='ltr'><strong>Purpuream</strong></span> <span class='ocrx_word' id='word_1_315' title='bbox 939 4628 1117 4673; x_wconf 89' lang='lat' dir='ltr'><strong>tamen</strong></span> <span class='ocrx_word' id='word_1_316' title='bbox 1145 4620 1486 4692; x_wconf 80' lang='lat' dir='ltr'><strong>chlamydem</strong></span> <span class='ocrx_word' id='word_1_317' title='bbox 1522 4622 1633 4676; x_wconf 80' lang='lat' dir='ltr'><strong>sive</strong></span> <span class='ocrx_word' id='word_1_318' title='bbox 1664 4638 1816 4674; x_wconf 86' lang='lat' dir='ltr'><strong>man-</strong></span> 
     </span>
    </p>
   </div>
   <div class='ocr_carea' id='block_1_49' title="bbox 238 4710 1812 4784">
    <p class='ocr_par' dir='ltr' id='par_1_49' title="bbox 238 4710 1812 4784">
     <span class='ocr_line' id='line_1_49' title="bbox 238 4710 1812 4784; baseline 0.003 -20"><span class='ocrx_word' id='word_1_319' title='bbox 238 4713 424 4780; x_wconf 78' lang='lat' dir='ltr'><strong>dyam,</strong></span> <span class='ocrx_word' id='word_1_320' title='bbox 466 4710 790 4780; x_wconf 68' lang='grc' dir='ltr'>μανδίονϋιο</span> <span class='ocrx_word' id='word_1_321' title='bbox 822 4710 1083 4779; x_wconf 88' lang='lat' dir='ltr'><strong>scriptum</strong></span> <span class='ocrx_word' id='word_1_322' title='bbox 1118 4714 1353 4782; x_wconf 86' lang='lat' dir='ltr'><strong>reperio)</strong></span> <span class='ocrx_word' id='word_1_323' title='bbox 1386 4713 1725 4784; x_wconf 76' lang='grc' dir='ltr'><strong>πορφυροῦν,</strong></span> <span class='ocrx_word' id='word_1_324' title='bbox 1760 4714 1812 4768; x_wconf 92' lang='lat' dir='ltr'><strong>in</strong></span> 
     </span>
    </p>
   </div>
   <div class='ocr_carea' id='block_1_50' title="bbox 240 4802 1816 4873">
    <p class='ocr_par' dir='ltr' id='par_1_50' title="bbox 240 4802 1816 4873">
     <span class='ocr_line' id='line_1_50' title="bbox 240 4802 1816 4873; baseline 0.003 -19"><span class='ocrx_word' id='word_1_325' title='bbox 240 4802 556 4855; x_wconf 82' lang='lat' dir='ltr'><strong>calamitate</strong></span> <span class='ocrx_word' id='word_1_326' title='bbox 614 4802 832 4871; x_wconf 79' lang='lat' dir='ltr'><strong>publica</strong></span> <span class='ocrx_word' id='word_1_327' title='bbox 877 4803 1066 4857; x_wconf 89' lang='lat' dir='ltr'><strong>tulisse</strong></span> <span class='ocrx_word' id='word_1_328' title='bbox 1118 4802 1397 4858; x_wconf 81' lang='lat' dir='ltr'><strong>Justinum</strong></span> <span class='ocrx_word' id='word_1_329' title='bbox 1455 4805 1624 4858; x_wconf 88' lang='lat' dir='ltr'><strong>miror</strong></span> <span class='ocrx_word' id='word_1_330' title='bbox 1673 4805 1816 4873; x_wconf 87' lang='lat' dir='ltr'><strong>apud</strong></span> 
     </span>
    </p>
   </div>
   <div class='ocr_carea' id='block_1_51' title="bbox 240 4892 1820 4966">
    <p class='ocr_par' dir='ltr' id='par_1_51' title="bbox 240 4892 1820 4966">
     <span class='ocr_line' id='line_1_51' title="bbox 240 4892 1820 4966; baseline 0.002 -19"><span class='ocrx_word' id='word_1_331' title='bbox 240 4892 657 4962; x_wconf 84' lang='lat' dir='ltr'><strong>Theophanem.</strong></span> <span class='ocrx_word' id='word_1_332' title='bbox 712 4893 850 4947; x_wconf 80' lang='lat' dir='ltr'><strong>Ante</strong></span> <span class='ocrx_word' id='word_1_333' title='bbox 902 4894 1096 4948; x_wconf 89' lang='lat' dir='ltr'><strong>bellum</strong></span> <span class='ocrx_word' id='word_1_334' title='bbox 1140 4892 1419 4949; x_wconf 89' lang='lat' dir='ltr'><strong>Persicum</strong></span> <span class='ocrx_word' id='word_1_335' title='bbox 1488 4896 1671 4966; x_wconf 89' lang='lat' dir='ltr'><strong>nigros</strong></span> <span class='ocrx_word' id='word_1_336' title='bbox 1701 4897 1820 4950; x_wconf 78' lang='lat' dir='ltr'><strong>cal-</strong></span> 
     </span>
    </p>
   </div>
   <div class='ocr_carea' id='block_1_52' title="bbox 239 4982 1810 5051">
    <p class='ocr_par' dir='ltr' id='par_1_52' title="bbox 239 4982 1810 5051">
     <span class='ocr_line' id='line_1_52' title="bbox 239 4982 1810 5051; baseline 0.002 -12"><span class='ocrx_word' id='word_1_337' title='bbox 239 4999 371 5039; x_wconf 90' lang='lat' dir='ltr'><strong>ceos</strong></span> <span class='ocrx_word' id='word_1_338' title='bbox 429 4982 736 5038; x_wconf 84' lang='lat' dir='ltr'><strong>Heraclinm</strong></span> <span class='ocrx_word' id='word_1_339' title='bbox 776 4993 1025 5051; x_wconf 78' lang='lat' dir='ltr'><strong>gestasse</strong></span> <span class='ocrx_word' id='word_1_340' title='bbox 1081 4984 1358 5041; x_wconf 82' lang='lat' dir='ltr'><strong>Cedrenus</strong></span> <span class='ocrx_word' id='word_1_341' title='bbox 1406 4987 1667 5041; x_wconf 87' lang='lat' dir='ltr'><strong>ostendit.</strong></span> <span class='ocrx_word' id='word_1_342' title='bbox 1717 4988 1810 5042; x_wconf 90' lang='lat' dir='ltr'><strong>Sin</strong></span> 
     </span>
    </p>
   </div>
   <div class='ocr_carea' id='block_1_53' title="bbox 240 5073 1813 5144">
    <p class='ocr_par' dir='ltr' id='par_1_53' title="bbox 240 5073 1813 5144">
     <span class='ocr_line' id='line_1_53' title="bbox 240 5073 1813 5144; baseline 0.006 -18"><span class='ocrx_word' id='word_1_343' title='bbox 240 5075 427 5127; x_wconf 87' lang='lat' dir='ltr'><strong>minus</strong></span> <span class='ocrx_word' id='word_1_344' title='bbox 450 5073 769 5127; x_wconf 88' lang='lat' dir='ltr'><strong>muliebrem</strong></span> <span class='ocrx_word' id='word_1_345' title='bbox 796 5074 1174 5143; x_wconf 87' lang='lat' dir='ltr'><strong>imperatores,</strong></span> <span class='ocrx_word' id='word_1_346' title='bbox 1205 5078 1415 5144; x_wconf 82' lang='lat' dir='ltr'><strong>regium</strong></span> <span class='ocrx_word' id='word_1_347' title='bbox 1444 5088 1621 5132; x_wconf 89' lang='lat' dir='ltr'><strong>tamen</strong></span> <span class='ocrx_word' id='word_1_348' title='bbox 1652 5079 1813 5135; x_wconf 88' lang='lat' dir='ltr'><strong>hodie</strong></span> 
     </span>
    </p>
   </div>
   <div class='ocr_carea' id='block_1_54' title="bbox 239 5164 1807 5225">
    <p class='ocr_par' dir='ltr' id='par_1_54' title="bbox 239 5164 1807 5225">
     <span class='ocr_line' id='line_1_54' title="bbox 239 5164 1807 5225; baseline 0.003 -6"><span class='ocrx_word' id='word_1_349' title='bbox 239 5166 450 5219; x_wconf 91' lang='lat' dir='ltr'><strong>luctum</strong></span> <span class='ocrx_word' id='word_1_350' title='bbox 482 5164 534 5216; x_wconf 90' lang='lat' dir='ltr'><strong>in</strong></span> <span class='ocrx_word' id='word_1_351' title='bbox 567 5164 787 5219; x_wconf 89' lang='lat' dir='ltr'><strong>Oriente</strong></span> <span class='ocrx_word' id='word_1_352' title='bbox 816 5167 1022 5219; x_wconf 89' lang='lat' dir='ltr'><strong>ducunt</strong></span> <span class='ocrx_word' id='word_1_353' title='bbox 1068 5166 1314 5222; x_wconf 63' lang='lat' dir='ltr'><strong>t‘etninm:</strong></span> <span class='ocrx_word' id='word_1_354' title='bbox 1374 5171 1519 5223; x_wconf 87' lang='lat' dir='ltr'><strong>nulla</strong></span> <span class='ocrx_word' id='word_1_355' title='bbox 1550 5178 1633 5225; x_wconf 87' lang='lat' dir='ltr'><strong>est</strong></span> <span class='ocrx_word' id='word_1_356' title='bbox 1664 5174 1807 5224; x_wconf 87' lang='lat' dir='ltr'><strong>enim</strong></span> 
     </span>
    </p>
   </div>
   <div class='ocr_carea' id='block_1_55' title="bbox 239 5252 1805 5326">
    <p class='ocr_par' dir='ltr' id='par_1_55' title="bbox 239 5252 1805 5326">
     <span class='ocr_line' id='line_1_55' title="bbox 239 5252 1805 5326; baseline 0.005 -20"><span class='ocrx_word' id='word_1_357' title='bbox 239 5268 364 5323; x_wconf 66' lang='lat' dir='ltr'><strong>qua:</strong></span> <span class='ocrx_word' id='word_1_358' title='bbox 389 5252 530 5307; x_wconf 87' lang='lat' dir='ltr'><strong>lineo</strong></span> <span class='ocrx_word' id='word_1_359' title='bbox 558 5260 728 5307; x_wconf 88' lang='lat' dir='ltr'><strong>totum</strong></span> <span class='ocrx_word' id='word_1_360' title='bbox 758 5267 956 5323; x_wconf 90' lang='lat' dir='ltr'><strong>corpus</strong></span> <span class='ocrx_word' id='word_1_361' title='bbox 977 5255 1399 5326; x_wconf 84' lang='lat' dir='ltr'><strong>circumtegeute</strong></span> <span class='ocrx_word' id='word_1_362' title='bbox 1426 5260 1544 5314; x_wconf 87' lang='lat' dir='ltr'><strong>velo</strong></span> <span class='ocrx_word' id='word_1_363' title='bbox 1568 5261 1805 5315; x_wconf 87' lang='lat' dir='ltr'><strong>colorem</strong></span> 
     </span>
    </p>
   </div>
   <div class='ocr_carea' id='block_1_56' title="bbox 238 5342 1810 5417">
    <p class='ocr_par' dir='ltr' id='par_1_56' title="bbox 238 5342 1810 5417">
     <span class='ocr_line' id='line_1_56' title="bbox 238 5342 1810 5417; baseline 0.004 -18"><span class='ocrx_word' id='word_1_364' title='bbox 238 5346 424 5399; x_wconf 86' lang='lat' dir='ltr'><strong>album</strong></span> <span class='ocrx_word' id='word_1_365' title='bbox 457 5359 562 5397; x_wconf 93' lang='lat' dir='ltr'><strong>non</strong></span> <span class='ocrx_word' id='word_1_366' title='bbox 595 5355 856 5398; x_wconf 87' lang='lat' dir='ltr'><strong>assumat.</strong></span> <span class='ocrx_word' id='word_1_367' title='bbox 909 5342 1183 5401; x_wconf 79' lang='lat' dir='ltr'><strong>Uxoribus</strong></span> <span class='ocrx_word' id='word_1_368' title='bbox 1214 5349 1429 5417; x_wconf 88' lang='lat' dir='ltr'><strong>quidem</strong></span> <span class='ocrx_word' id='word_1_369' title='bbox 1492 5350 1670 5404; x_wconf 77' lang='lat' dir='ltr'><strong>fuscas</strong></span> <span class='ocrx_word' id='word_1_370' title='bbox 1719 5367 1810 5405; x_wconf 88' lang='lat' dir='ltr'><strong>so-</strong></span> 
     </span>
    </p>
   </div>
   <div class='ocr_carea' id='block_1_57' title="bbox 236 5435 1807 5510">
    <p class='ocr_par' dir='ltr' id='par_1_57' title="bbox 236 5435 1807 5510">
     <span class='ocr_line' id='line_1_57' title="bbox 236 5435 1807 5510; baseline 0.004 -19"><span class='ocrx_word' id='word_1_371' title='bbox 236 5435 520 5492; x_wconf 89' lang='lat' dir='ltr'><strong>lummodo</strong></span> <span class='ocrx_word' id='word_1_372' title='bbox 552 5445 726 5489; x_wconf 83' lang='lat' dir='ltr'><strong>vestes</strong></span> <span class='ocrx_word' id='word_1_373' title='bbox 756 5436 809 5488; x_wconf 94' lang='lat' dir='ltr'><strong>in</strong></span> <span class='ocrx_word' id='word_1_374' title='bbox 845 5437 1134 5506; x_wconf 86' lang='lat' dir='ltr'><strong>ceujugum</strong></span> <span class='ocrx_word' id='word_1_375' title='bbox 1164 5439 1467 5503; x_wconf 77' lang='lat' dir='ltr'><strong>funeribus,</strong></span> <span class='ocrx_word' id='word_1_376' title='bbox 1503 5442 1807 5510; x_wconf 81' lang='lat' dir='ltr'><strong>virginibus</strong></span> 
     </span>
    </p>
   </div>
   <div class='ocr_carea' id='block_1_58' title="bbox 234 5525 1807 5602">
    <p class='ocr_par' dir='ltr' id='par_1_58' title="bbox 234 5525 1807 5602">
     <span class='ocr_line' id='line_1_58' title="bbox 234 5525 1807 5602; baseline 0.003 -19"><span class='ocrx_word' id='word_1_377' title='bbox 234 5530 403 5583; x_wconf 88' lang='lat' dir='ltr'><strong>etiam</strong></span> <span class='ocrx_word' id='word_1_378' title='bbox 427 5525 686 5581; x_wconf 85' lang='lat' dir='ltr'><strong>candidas</strong></span> <span class='ocrx_word' id='word_1_379' title='bbox 718 5527 767 5579; x_wconf 92' lang='lat' dir='ltr'><strong>in</strong></span> <span class='ocrx_word' id='word_1_380' title='bbox 799 5537 1079 5593; x_wconf 79' lang='lat' dir='ltr'><strong>parentum</strong></span> <span class='ocrx_word' id='word_1_381' title='bbox 1101 5527 1595 5599; x_wconf 83' lang='lat' dir='ltr'><strong>fratrumqueluctu</strong></span> <span class='ocrx_word' id='word_1_382' title='bbox 1621 5549 1807 5602; x_wconf 79' lang='lat' dir='ltr'><strong>gerere</strong></span> 
     </span>
    </p>
   </div>
   <div class='ocr_carea' id='block_1_59' title="bbox 233 5616 1804 5693">
    <p class='ocr_par' dir='ltr' id='par_1_59' title="bbox 233 5616 1804 5693">
     <span class='ocr_line' id='line_1_59' title="bbox 233 5616 1804 5693; baseline 0.004 -20"><span class='ocrx_word' id='word_1_383' title='bbox 233 5618 497 5674; x_wconf 90' lang='lat' dir='ltr'><strong>solitum:</strong></span> <span class='ocrx_word' id='word_1_384' title='bbox 532 5617 661 5670; x_wconf 84' lang='lat' dir='ltr'><strong>viris</strong></span> <span class='ocrx_word' id='word_1_385' title='bbox 722 5616 941 5670; x_wconf 87' lang='lat' dir='ltr'><strong>nonnisi</strong></span> <span class='ocrx_word' id='word_1_386' title='bbox 970 5616 1182 5685; x_wconf 83' lang='lat' dir='ltr'><strong>nigrum</strong></span> <span class='ocrx_word' id='word_1_387' title='bbox 1240 5619 1293 5672; x_wconf 91' lang='lat' dir='ltr'><strong>iu</strong></span> <span class='ocrx_word' id='word_1_388' title='bbox 1347 5636 1804 5693; x_wconf 83' lang='lat' dir='ltr'><strong>quorumcunque</strong></span> 
     </span>
    </p>
   </div>
   <div class='ocr_carea' id='block_1_60' title="bbox 234 5705 1696 5786">
    <p class='ocr_par' dir='ltr' id='par_1_60' title="bbox 234 5705 1696 5786">
     <span class='ocr_line' id='line_1_60' title="bbox 234 5705 1696 5786; baseline 0.003 -23"><span class='ocrx_word' id='word_1_389' title='bbox 234 5710 389 5763; x_wconf 90' lang='lat' dir='ltr'><strong>obitu</strong></span> <span class='ocrx_word' id='word_1_390' title='bbox 422 5705 563 5762; x_wconf 84' lang='lat' dir='ltr'><strong>ferre</strong></span> <span class='ocrx_word' id='word_1_391' title='bbox 591 5709 826 5762; x_wconf 89' lang='lat' dir='ltr'><strong>colerem</strong></span> <span class='ocrx_word' id='word_1_392' title='bbox 858 5724 920 5761; x_wconf 84' lang='lat' dir='ltr'><strong>cx</strong></span> <span class='ocrx_word' id='word_1_393' title='bbox 955 5724 1103 5763; x_wconf 88' lang='lat' dir='ltr'><strong>more</strong></span> <span class='ocrx_word' id='word_1_394' title='bbox 1130 5710 1337 5765; x_wconf 78' lang='lat' dir='ltr'><strong>licituzu</strong></span> <span class='ocrx_word' id='word_1_395' title='bbox 1366 5724 1466 5768; x_wconf 89' lang='lat' dir='ltr'><strong>est.</strong></span> <span class='ocrx_word' id='word_1_396' title='bbox 1502 5713 1696 5786; x_wconf 58' lang='lat' dir='ltr'><strong>Gesn]</strong></span> 
     </span>
    </p>
   </div>
   <div class='ocr_carea' id='block_1_61' title="bbox 305 5796 1797 5870">
    <p class='ocr_par' dir='ltr' id='par_1_61' title="bbox 305 5796 1797 5870">
     <span class='ocr_line' id='line_1_61' title="bbox 305 5796 1797 5870; baseline 0.007 -16"><span class='ocrx_word' id='word_1_397' title='bbox 305 5798 393 5855; x_wconf 82' lang='lat' dir='ltr'><strong>Ib.</strong></span> <span class='ocrx_word' id='word_1_398' title='bbox 427 5796 564 5853; x_wconf 78' lang='lat' dir='ltr'><strong>Nota</strong></span> <span class='ocrx_word' id='word_1_399' title='bbox 621 5815 825 5855; x_wconf 88' lang='lat' dir='ltr'><strong>morem</strong></span> <span class='ocrx_word' id='word_1_400' title='bbox 882 5799 1101 5870; x_wconf 76' lang='lat' dir='ltr'><strong>lugendi</strong></span> <span class='ocrx_word' id='word_1_401' title='bbox 1168 5814 1356 5860; x_wconf 78' lang='lat' dir='ltr'><strong>nostro</strong></span> <span class='ocrx_word' id='word_1_402' title='bbox 1420 5808 1797 5865; x_wconf 85' lang='lat' dir='ltr'><strong>contrarium:</strong></span> 
     </span>
    </p>
   </div>
   <div class='ocr_carea' id='block_1_62' title="bbox 1923 566 3495 647">
    <p class='ocr_par' dir='ltr' id='par_1_62' title="bbox 1923 566 3495 647">
     <span class='ocr_line' id='line_1_62' title="bbox 1923 566 3495 647; baseline -0.009 -15"><span class='ocrx_word' id='word_1_403' title='bbox 1923 580 2105 632; x_wconf 87' lang='lat' dir='ltr'><strong>luctus</strong></span> <span class='ocrx_word' id='word_1_404' title='bbox 2138 588 2522 647; x_wconf 81' lang='lat' dir='ltr'><strong>argumentum</strong></span> <span class='ocrx_word' id='word_1_405' title='bbox 2556 585 2702 630; x_wconf 91' lang='lat' dir='ltr'><strong>sunt.</strong></span> <span class='ocrx_word' id='word_1_406' title='bbox 2734 575 3168 635; x_wconf 80' lang='lat' dir='ltr'><strong>Cantaeuzenus,</strong></span> <span class='ocrx_word' id='word_1_407' title='bbox 3219 569 3254 622; x_wconf 87' lang='lat' dir='ltr'><strong>l.</strong></span> <span class='ocrx_word' id='word_1_408' title='bbox 3301 584 3361 622; x_wconf 85' lang='grc' dir='ltr'><strong>ιιι</strong></span> <span class='ocrx_word' id='word_1_409' title='bbox 3402 566 3495 619; x_wconf 84' lang='lat' dir='ltr'><strong>lii-</strong></span> 
     </span>
    </p>
   </div>
   <div class='ocr_carea' id='block_1_63' title="bbox 1924 658 3493 733">
    <p class='ocr_par' dir='ltr' id='par_1_63' title="bbox 1924 658 3493 733">
     <span class='ocr_line' id='line_1_63' title="bbox 1924 658 3493 733; baseline -0.008 -10"><span class='ocrx_word' id='word_1_410' title='bbox 1924 670 2126 732; x_wconf 68' lang='lat' dir='ltr'><strong>storiae,</strong></span> <span class='ocrx_word' id='word_1_411' title='bbox 2154 685 2204 722; x_wconf 90' lang='lat' dir='ltr'><strong>c.</strong></span> <span class='ocrx_word' id='word_1_412' title='bbox 2236 668 2325 733; x_wconf 74' lang='lat'><strong>27,</strong></span> <span class='ocrx_word' id='word_1_413' title='bbox 2358 669 2423 723; x_wconf 90' lang='lat' dir='ltr'><strong>dc</strong></span> <span class='ocrx_word' id='word_1_414' title='bbox 2468 668 2556 723; x_wconf 88' lang='lat' dir='ltr'><strong>die</strong></span> <span class='ocrx_word' id='word_1_415' title='bbox 2606 664 2979 721; x_wconf 70' lang='lat' dir='ltr'><strong>eoronatiouis</strong></span> <span class='ocrx_word' id='word_1_416' title='bbox 3014 678 3125 718; x_wconf 70' lang='lat' dir='ltr'><strong>sum</strong></span> <span class='ocrx_word' id='word_1_417' title='bbox 3174 675 3367 731; x_wconf 88' lang='lat' dir='ltr'><strong>agens,</strong></span> <span class='ocrx_word' id='word_1_418' title='bbox 3419 658 3493 711; x_wconf 85' lang='lat' dir='ltr'><strong>i&#39;a</strong></span> 
     </span>
    </p>
   </div>
   <div class='ocr_carea' id='block_1_64' title="bbox 1923 748 3491 828">
    <p class='ocr_par' dir='ltr' id='par_1_64' title="bbox 1923 748 3491 828">
     <span class='ocr_line' id='line_1_64' title="bbox 1923 748 3491 828; baseline -0.01 -15"><span class='ocrx_word' id='word_1_419' title='bbox 1923 759 2151 813; x_wconf 82' lang='lat' dir='ltr'><strong>scribit:</strong></span> <span class='ocrx_word' id='word_1_420' title='bbox 2187 758 2447 813; x_wconf 74' lang='lat' dir='ltr'><strong>Postridie</strong></span> <span class='ocrx_word' id='word_1_421' title='bbox 2498 754 2912 828; x_wconf 86' lang='lat' dir='ltr'><strong>(coronationis)</strong></span> <span class='ocrx_word' id='word_1_422' title='bbox 2950 763 3111 807; x_wconf 84' lang='lat' dir='ltr'><strong>vestes</strong></span> <span class='ocrx_word' id='word_1_423' title='bbox 3159 750 3279 803; x_wconf 83' lang='lat' dir='ltr'><strong>auri</strong></span> <span class='ocrx_word' id='word_1_424' title='bbox 3311 748 3491 800; x_wconf 75' lang='lat' dir='ltr'><strong>subte-</strong></span> 
     </span>
    </p>
   </div>
   <div class='ocr_carea' id='block_1_65' title="bbox 1924 841 3489 920">
    <p class='ocr_par' dir='ltr' id='par_1_65' title="bbox 1924 841 3489 920">
     <span class='ocr_line' id='line_1_65' title="bbox 1924 841 3489 920; baseline -0.01 -17"><span class='ocrx_word' id='word_1_425' title='bbox 1924 853 2063 904; x_wconf 85' lang='lat' dir='ltr'><strong>mine</strong></span> <span class='ocrx_word' id='word_1_426' title='bbox 2085 851 2374 919; x_wconf 84' lang='lat' dir='ltr'><strong>picturatas</strong></span> <span class='ocrx_word' id='word_1_427' title='bbox 2390 851 2549 920; x_wconf 80' lang='lat'><strong>315</strong></span> <span class='ocrx_word' id='word_1_428' title='bbox 2577 850 2891 917; x_wconf 86' lang='lat' dir='ltr'><strong>deponentes</strong></span> <span class='ocrx_word' id='word_1_429' title='bbox 2914 843 3167 907; x_wconf 83' lang='lat' dir='ltr'><strong>candidas</strong></span> <span class='ocrx_word' id='word_1_430' title='bbox 3190 841 3489 900; x_wconf 85' lang='lat' dir='ltr'><strong>induerunt,</strong></span> 
     </span>
    </p>
   </div>
   <div class='ocr_carea' id='block_1_66' title="bbox 1922 930 3489 1012">
    <p class='ocr_par' dir='ltr' id='par_1_66' title="bbox 1922 930 3489 1012">
     <span class='ocr_line' id='line_1_66' title="bbox 1922 930 3489 1012; baseline -0.008 -17"><span class='ocrx_word' id='word_1_431' title='bbox 1922 942 2209 1012; x_wconf 82' lang='lat' dir='ltr'><strong>lugentium</strong></span> <span class='ocrx_word' id='word_1_432' title='bbox 2272 944 2652 1007; x_wconf 84' lang='lat' dir='ltr'><strong>imperatorum</strong></span> <span class='ocrx_word' id='word_1_433' title='bbox 2721 947 3116 1009; x_wconf 76' lang='lat' dir='ltr'><strong>argumentum.</strong></span> <span class='ocrx_word' id='word_1_434' title='bbox 3174 930 3489 986; x_wconf 78' lang='lat' dir='ltr'><strong>Mutationis</strong></span> 
     </span>
    </p>
   </div>
   <div class='ocr_carea' id='block_1_67' title="bbox 1921 1024 3486 1101">
    <p class='ocr_par' dir='ltr' id='par_1_67' title="bbox 1921 1024 3486 1101">
     <span class='ocr_line' id='line_1_67' title="bbox 1921 1024 3486 1101; baseline -0.01 -14"><span class='ocrx_word' id='word_1_435' title='bbox 1921 1052 2134 1087; x_wconf 79' lang='lat' dir='ltr'><strong>causam</strong></span> <span class='ocrx_word' id='word_1_436' title='bbox 2163 1034 2499 1101; x_wconf 79' lang='lat' dir='ltr'><strong>prwsentibus</strong></span> <span class='ocrx_word' id='word_1_437' title='bbox 2531 1035 2819 1101; x_wconf 83' lang='lat' dir='ltr'><strong>imperator</strong></span> <span class='ocrx_word' id='word_1_438' title='bbox 2852 1030 3071 1081; x_wconf 84' lang='lat' dir='ltr'><strong>asseruit</strong></span> <span class='ocrx_word' id='word_1_439' title='bbox 3098 1066 3111 1091; x_wconf 92' lang='lat'><strong>,</strong></span> <span class='ocrx_word' id='word_1_440' title='bbox 3149 1024 3322 1094; x_wconf 82' lang='lat' dir='ltr'><strong>pridie</strong></span> <span class='ocrx_word' id='word_1_441' title='bbox 3367 1038 3486 1089; x_wconf 84' lang='lat' dir='ltr'><strong>pro-</strong></span> 
     </span>
    </p>
   </div>
   <div class='ocr_carea' id='block_1_68' title="bbox 1921 1115 3493 1194">
    <p class='ocr_par' dir='ltr' id='par_1_68' title="bbox 1921 1115 3493 1194">
     <span class='ocr_line' id='line_1_68' title="bbox 1921 1115 3493 1194; baseline -0.01 -15"><span class='ocrx_word' id='word_1_442' title='bbox 1921 1135 2036 1194; x_wconf 89' lang='lat' dir='ltr'><strong>pter</strong></span> <span class='ocrx_word' id='word_1_443' title='bbox 2061 1127 2249 1194; x_wconf 74' lang='lat' dir='ltr'><strong>festum</strong></span> <span class='ocrx_word' id='word_1_444' title='bbox 2279 1126 2414 1179; x_wconf 85' lang='lat' dir='ltr'><strong>diem</strong></span> <span class='ocrx_word' id='word_1_445' title='bbox 2446 1125 2567 1178; x_wconf 85' lang='lat' dir='ltr'><strong>illas</strong></span> <span class='ocrx_word' id='word_1_446' title='bbox 2596 1124 2734 1177; x_wconf 84' lang='lat' dir='ltr'><strong>alias</strong></span> <span class='ocrx_word' id='word_1_447' title='bbox 2772 1122 3023 1184; x_wconf 80' lang='lat' dir='ltr'><strong>induisse,</strong></span> <span class='ocrx_word' id='word_1_448' title='bbox 3075 1133 3213 1171; x_wconf 87' lang='lat' dir='ltr'><strong>nunc</strong></span> <span class='ocrx_word' id='word_1_449' title='bbox 3236 1115 3328 1167; x_wconf 82' lang='lat' dir='ltr'><strong>illo</strong></span> <span class='ocrx_word' id='word_1_450' title='bbox 3358 1128 3493 1182; x_wconf 73' lang='lat' dir='ltr'><strong>prcr-</strong></span> 
     </span>
    </p>
   </div>
   <div class='ocr_carea' id='block_1_69' title="bbox 1924 1205 3491 1287">
    <p class='ocr_par' dir='ltr' id='par_1_69' title="bbox 1924 1205 3491 1287">
     <span class='ocr_line' id='line_1_69' title="bbox 1924 1205 3491 1287; baseline -0.009 -16"><span class='ocrx_word' id='word_1_451' title='bbox 1924 1220 2075 1271; x_wconf 82' lang='lat' dir='ltr'><strong>lerito</strong></span> <span class='ocrx_word' id='word_1_452' title='bbox 2095 1235 2271 1271; x_wconf 83' lang='lat' dir='ltr'><strong>rursus</strong></span> <span class='ocrx_word' id='word_1_453' title='bbox 2293 1220 2477 1287; x_wconf 80' lang='lat' dir='ltr'><strong>fratris</strong></span> <span class='ocrx_word' id='word_1_454' title='bbox 2511 1227 2557 1272; x_wconf 91' lang='lat' dir='ltr'><strong>ct</strong></span> <span class='ocrx_word' id='word_1_455' title='bbox 2594 1216 2918 1284; x_wconf 83' lang='lat' dir='ltr'><strong>imperatoris</strong></span> <span class='ocrx_word' id='word_1_456' title='bbox 2959 1210 3262 1283; x_wconf 79' lang='lat' dir='ltr'><strong>(Andronici</strong></span> <span class='ocrx_word' id='word_1_457' title='bbox 3300 1205 3491 1261; x_wconf 86' lang='lat' dir='ltr'><strong>Junie-</strong></span> 
     </span>
    </p>
   </div>
   <div class='ocr_carea' id='block_1_70' title="bbox 1924 1312 2727 1380">
    <p class='ocr_par' dir='ltr' id='par_1_70' title="bbox 1924 1312 2727 1380">
     <span class='ocr_line' id='line_1_70' title="bbox 1924 1312 2727 1380; baseline 0.002 -17"><span class='ocrx_word' id='word_1_458' title='bbox 1924 1313 2015 1363; x_wconf 75' lang='lat' dir='ltr'><strong>risi</strong></span> <span class='ocrx_word' id='word_1_459' title='bbox 2044 1323 2258 1365; x_wconf 84' lang='lat' dir='ltr'><strong>mortem</strong></span> <span class='ocrx_word' id='word_1_460' title='bbox 2293 1314 2391 1366; x_wconf 89' lang='lat' dir='ltr'><strong>sibi</strong></span> <span class='ocrx_word' id='word_1_461' title='bbox 2425 1312 2727 1380; x_wconf 85' lang='lat' dir='ltr'><strong>lugendam.</strong></span> 
     </span>
    </p>
   </div>
   <div class='ocr_carea' id='block_1_71' title="bbox 1993 1394 3493 1460">
    <p class='ocr_par' dir='ltr' id='par_1_71' title="bbox 1993 1394 3493 1460">
     <span class='ocr_line' id='line_1_71' title="bbox 1993 1394 3493 1460; baseline -0.007 -4"><span class='ocrx_word' id='word_1_462' title='bbox 1993 1401 2132 1459; x_wconf 84' lang='lat' dir='ltr'><strong>Ibid.</strong></span> <span class='ocrx_word' id='word_1_463' title='bbox 2207 1406 2424 1458; x_wconf 87' lang='lat' dir='ltr'><strong>intuere</strong></span> <span class='ocrx_word' id='word_1_464' title='bbox 2467 1416 2520 1460; x_wconf 92' lang='lat' dir='ltr'><strong>et</strong></span> <span class='ocrx_word' id='word_1_465' title='bbox 2570 1406 2755 1457; x_wconf 90' lang='lat' dir='ltr'><strong>animo</strong></span> <span class='ocrx_word' id='word_1_466' title='bbox 2813 1413 3074 1455; x_wconf 81' lang='lat' dir='ltr'><strong>venerare</strong></span> <span class='ocrx_word' id='word_1_467' title='bbox 3128 1394 3493 1452; x_wconf 67' lang='lat' dir='ltr'><strong>sanctissimae</strong></span> 
     </span>
    </p>
   </div>
   <div class='ocr_carea' id='block_1_72' title="bbox 1925 1489 3494 1565">
    <p class='ocr_par' dir='ltr' id='par_1_72' title="bbox 1925 1489 3494 1565">
     <span class='ocr_line' id='line_1_72' title="bbox 1925 1489 3494 1565; baseline -0.004 -20"><span class='ocrx_word' id='word_1_468' title='bbox 1925 1491 2162 1565; x_wconf 81' lang='lat' dir='ltr'><strong>Virginis</strong></span> <span class='ocrx_word' id='word_1_469' title='bbox 2191 1500 2420 1551; x_wconf 59' lang='lat' dir='ltr'><strong>vider-ia:</strong></span> <span class='ocrx_word' id='word_1_470' title='bbox 2446 1498 2724 1565; x_wconf 81' lang='lat' dir='ltr'><strong>e/Iectricis</strong></span> <span class='ocrx_word' id='word_1_471' title='bbox 2773 1494 3064 1564; x_wconf 79' lang='lat' dir='ltr'><strong>imaginem</strong></span> <span class='ocrx_word' id='word_1_472' title='bbox 3094 1506 3217 1546; x_wconf 90' lang='lat' dir='ltr'><strong>cum</strong></span> <span class='ocrx_word' id='word_1_473' title='bbox 3255 1489 3494 1555; x_wconf 81' lang='lat' dir='ltr'><strong>imagine</strong></span> 
     </span>
    </p>
   </div>
   <div class='ocr_carea' id='block_1_73' title="bbox 1928 1575 3487 1658">
    <p class='ocr_par' dir='ltr' id='par_1_73' title="bbox 1928 1575 3487 1658">
     <span class='ocr_line' id='line_1_73' title="bbox 1928 1575 3487 1658; baseline -0.008 -17"><span class='ocrx_word' id='word_1_474' title='bbox 1928 1586 1983 1641; x_wconf 91' lang='lat' dir='ltr'><strong>S.</strong></span> <span class='ocrx_word' id='word_1_475' title='bbox 2029 1589 2271 1658; x_wconf 87' lang='lat' dir='ltr'><strong>Georgii.</strong></span> <span class='ocrx_word' id='word_1_476' title='bbox 2317 1590 2440 1643; x_wconf 87' lang='lat' dir='ltr'><strong>Fuit</strong></span> <span class='ocrx_word' id='word_1_477' title='bbox 2502 1590 2615 1643; x_wconf 75' lang='lat' dir='ltr'><strong>haec</strong></span> <span class='ocrx_word' id='word_1_478' title='bbox 2674 1575 2945 1656; x_wconf 67' lang='lat' dir='ltr'><strong>Nicopaeae</strong></span> <span class='ocrx_word' id='word_1_479' title='bbox 3004 1583 3250 1652; x_wconf 81' lang='lat' dir='ltr'><strong>Virginis</strong></span> <span class='ocrx_word' id='word_1_480' title='bbox 3307 1580 3487 1646; x_wconf 82' lang='lat' dir='ltr'><strong>imago</strong></span> 
     </span>
    </p>
   </div>
   <div class='ocr_carea' id='block_1_74' title="bbox 1925 1676 3492 1751">
    <p class='ocr_par' dir='ltr' id='par_1_74' title="bbox 1925 1676 3492 1751">
     <span class='ocr_line' id='line_1_74' title="bbox 1925 1676 3492 1751; baseline -0.006 -19"><span class='ocrx_word' id='word_1_481' title='bbox 1925 1680 2043 1736; x_wconf 84' lang='lat' dir='ltr'><strong>sine</strong></span> <span class='ocrx_word' id='word_1_482' title='bbox 2070 1682 2238 1736; x_wconf 91' lang='lat' dir='ltr'><strong>dubio</strong></span> <span class='ocrx_word' id='word_1_483' title='bbox 2266 1682 2361 1736; x_wconf 83' lang='lat' dir='ltr'><strong>illa</strong></span> <span class='ocrx_word' id='word_1_484' title='bbox 2398 1697 2562 1751; x_wconf 91' lang='lat' dir='ltr'><strong>quam</strong></span> <span class='ocrx_word' id='word_1_485' title='bbox 2620 1680 2861 1735; x_wconf 72' lang='lat' dir='ltr'><strong>lenones</strong></span> <span class='ocrx_word' id='word_1_486' title='bbox 2895 1680 3213 1734; x_wconf 89' lang='lat' dir='ltr'><strong>Comnenus</strong></span> <span class='ocrx_word' id='word_1_487' title='bbox 3251 1676 3492 1741; x_wconf 87' lang='lat' dir='ltr'><strong>impera-</strong></span> 
     </span>
    </p>
   </div>
   <div class='ocr_carea' id='block_1_75' title="bbox 1930 1762 3493 1840">
    <p class='ocr_par' dir='ltr' id='par_1_75' title="bbox 1930 1762 3493 1840">
     <span class='ocr_line' id='line_1_75' title="bbox 1930 1762 3493 1840; baseline -0.009 -12"><span class='ocrx_word' id='word_1_488' title='bbox 1930 1780 2013 1825; x_wconf 78' lang='grc' dir='ltr'>ιθι·</span> <span class='ocrx_word' id='word_1_489' title='bbox 2079 1788 2181 1827; x_wconf 78' lang='lat' dir='ltr'><strong>suo</strong></span> <span class='ocrx_word' id='word_1_490' title='bbox 2235 1774 2356 1827; x_wconf 88' lang='lat' dir='ltr'><strong>loco</strong></span> <span class='ocrx_word' id='word_1_491' title='bbox 2408 1773 2593 1826; x_wconf 90' lang='lat' dir='ltr'><strong>currui</strong></span> <span class='ocrx_word' id='word_1_492' title='bbox 2650 1770 2963 1840; x_wconf 88' lang='lat' dir='ltr'><strong>triumphali</strong></span> <span class='ocrx_word' id='word_1_493' title='bbox 3026 1766 3285 1835; x_wconf 85' lang='lat' dir='ltr'><strong>imposuit</strong></span> <span class='ocrx_word' id='word_1_494' title='bbox 3345 1762 3493 1815; x_wconf 80' lang='lat' dir='ltr'><strong>vclrt</strong></span> 
     </span>
    </p>
   </div>
   <div class='ocr_carea' id='block_1_76' title="bbox 1920 1854 3489 1934">
    <p class='ocr_par' dir='ltr' id='par_1_76' title="bbox 1920 1854 3489 1934">
     <span class='ocr_line' id='line_1_76' title="bbox 1920 1854 3489 1934; baseline -0.005 -18"><span class='ocrx_word' id='word_1_495' title='bbox 1920 1865 2184 1928; x_wconf 67' lang='lat' dir='ltr'><strong>victoriae.</strong></span> <span class='ocrx_word' id='word_1_496' title='bbox 2236 1881 2396 1934; x_wconf 90' lang='lat' dir='ltr'><strong>quam</strong></span> <span class='ocrx_word' id='word_1_497' title='bbox 2429 1866 2762 1926; x_wconf 81' lang='lat' dir='ltr'><strong>obtinuerat,</strong></span> <span class='ocrx_word' id='word_1_498' title='bbox 2802 1863 3013 1915; x_wconf 87' lang='lat' dir='ltr'><strong>unicam</strong></span> <span class='ocrx_word' id='word_1_499' title='bbox 3053 1857 3392 1927; x_wconf 74' lang='lat' dir='ltr'><strong>effectricem.</strong></span> <span class='ocrx_word' id='word_1_500' title='bbox 3420 1854 3489 1908; x_wconf 86' lang='lat' dir='ltr'><strong>V.</strong></span> 
     </span>
    </p>
   </div>
   <div class='ocr_carea' id='block_1_77' title="bbox 1918 1952 3489 2027">
    <p class='ocr_par' dir='ltr' id='par_1_77' title="bbox 1918 1952 3489 2027">
     <span class='ocr_line' id='line_1_77' title="bbox 1918 1952 3489 2027; baseline -0.008 -15"><span class='ocrx_word' id='word_1_501' title='bbox 1918 1957 2093 2012; x_wconf 78' lang='lat' dir='ltr'><strong>Nicet.</strong></span> <span class='ocrx_word' id='word_1_502' title='bbox 2141 1957 2317 2012; x_wconf 88' lang='lat' dir='ltr'><strong>Chon.</strong></span> <span class='ocrx_word' id='word_1_503' title='bbox 2371 1973 2425 2027; x_wconf 91' lang='lat' dir='ltr'><strong>p.</strong></span> <span class='ocrx_word' id='word_1_504' title='bbox 2477 1958 2566 2012; x_wconf 90' lang='lat' dir='ltr'><strong>ed.</strong></span> <span class='ocrx_word' id='word_1_505' title='bbox 2624 1958 2798 2009; x_wconf 80' lang='lat' dir='ltr'><strong>Bono.</strong></span> <span class='ocrx_word' id='word_1_506' title='bbox 2854 1955 2946 2008; x_wconf 72' lang='lat'><strong>26.</strong></span> <span class='ocrx_word' id='word_1_507' title='bbox 3004 1952 3275 2007; x_wconf 84' lang='lat' dir='ltr'><strong>Videntur</strong></span> <span class='ocrx_word' id='word_1_508' title='bbox 3311 1958 3489 2003; x_wconf 74' lang='lat' dir='ltr'><strong>autem</strong></span> 
     </span>
    </p>
   </div>
   <div class='ocr_carea' id='block_1_78' title="bbox 1919 2044 3493 2117">
    <p class='ocr_par' dir='ltr' id='par_1_78' title="bbox 1919 2044 3493 2117">
     <span class='ocr_line' id='line_1_78' title="bbox 1919 2044 3493 2117; baseline -0.004 -15"><span class='ocrx_word' id='word_1_509' title='bbox 1919 2048 2062 2103; x_wconf 87' lang='lat' dir='ltr'><strong>hanc</strong></span> <span class='ocrx_word' id='word_1_510' title='bbox 2093 2049 2184 2102; x_wconf 87' lang='lat' dir='ltr'><strong>Dei</strong></span> <span class='ocrx_word' id='word_1_511' title='bbox 2225 2048 2524 2103; x_wconf 88' lang='lat' dir='ltr'><strong>Geuitricis</strong></span> <span class='ocrx_word' id='word_1_512' title='bbox 2578 2048 2871 2117; x_wconf 86' lang='lat' dir='ltr'><strong>imaginem</strong></span> <span class='ocrx_word' id='word_1_513' title='bbox 2906 2060 3091 2100; x_wconf 87' lang='lat' dir='ltr'><strong>secum</strong></span> <span class='ocrx_word' id='word_1_514' title='bbox 3147 2044 3412 2097; x_wconf 86' lang='lat' dir='ltr'><strong>extulisse</strong></span> <span class='ocrx_word' id='word_1_515' title='bbox 3440 2044 3493 2095; x_wconf 88' lang='lat' dir='ltr'><strong>in</strong></span> 
     </span>
    </p>
   </div>
   <div class='ocr_carea' id='block_1_79' title="bbox 1917 2131 3493 2206">
    <p class='ocr_par' dir='ltr' id='par_1_79' title="bbox 1917 2131 3493 2206">
     <span class='ocr_line' id='line_1_79' title="bbox 1917 2131 3493 2206; baseline -0.007 -14"><span class='ocrx_word' id='word_1_516' title='bbox 1917 2137 2317 2206; x_wconf 81' lang='lat' dir='ltr'><strong>expeditiones.</strong></span> <span class='ocrx_word' id='word_1_517' title='bbox 2348 2136 2485 2191; x_wconf 83' lang='lat' dir='ltr'><strong>Hinc</strong></span> <span class='ocrx_word' id='word_1_518' title='bbox 2542 2137 2760 2191; x_wconf 78' lang='lat' dir='ltr'><strong>Nicetes</strong></span> <span class='ocrx_word' id='word_1_519' title='bbox 2817 2135 3120 2189; x_wconf 89' lang='lat' dir='ltr'><strong>Choniates</strong></span> <span class='ocrx_word' id='word_1_520' title='bbox 3172 2134 3225 2187; x_wconf 88' lang='lat' dir='ltr'><strong>in</strong></span> <span class='ocrx_word' id='word_1_521' title='bbox 3263 2131 3493 2200; x_wconf 72' lang='lat' dir='ltr'><strong>imperio</strong></span> 
     </span>
    </p>
   </div>
   <div class='ocr_carea' id='block_1_80' title="bbox 1923 2224 3493 2298">
    <p class='ocr_par' dir='ltr' id='par_1_80' title="bbox 1923 2224 3493 2298">
     <span class='ocr_line' id='line_1_80' title="bbox 1923 2224 3493 2298; baseline -0.006 -16"><span class='ocrx_word' id='word_1_522' title='bbox 1923 2229 2268 2297; x_wconf 77' lang='lat' dir='ltr'><strong>Murzuphli:</strong></span> <span class='ocrx_word' id='word_1_523' title='bbox 2321 2230 2386 2282; x_wconf 84' lang='grc' dir='ltr'><strong><em>Ἠ</em></strong></span> <span class='ocrx_word' id='word_1_524' title='bbox 2415 2229 2516 2298; x_wconf 86' lang='grc' dir='ltr'><strong>τῆς</strong></span> <span class='ocrx_word' id='word_1_525' title='bbox 2556 2228 2893 2298; x_wconf 78' lang='grc' dir='ltr'>Θεομήτορος</span> <span class='ocrx_word' id='word_1_526' title='bbox 2929 2226 3116 2288; x_wconf 78' lang='grc' dir='ltr'><strong>εἰκὼν,</strong></span> <span class='ocrx_word' id='word_1_527' title='bbox 3161 2225 3228 2291; x_wconf 76' lang='grc' dir='ltr'>ἢν</span> <span class='ocrx_word' id='word_1_528' title='bbox 3264 2224 3311 2274; x_wconf 79' lang='grc' dir='ltr'>οἱ</span> <span class='ocrx_word' id='word_1_529' title='bbox 3340 2224 3493 2290; x_wconf 73' lang='grc' dir='ltr'><strong>βασι-</strong></span> 
     </span>
    </p>
   </div>
   <div class='ocr_carea' id='block_1_81' title="bbox 1923 2305 3493 2389">
    <p class='ocr_par' dir='ltr' id='par_1_81' title="bbox 1923 2305 3493 2389">
     <span class='ocr_line' id='line_1_81' title="bbox 1923 2305 3493 2389; baseline -0.006 -18"><span class='ocrx_word' id='word_1_530' title='bbox 1923 2320 2036 2383; x_wconf 77' lang='grc' dir='ltr'>λεῖς</span> <span class='ocrx_word' id='word_1_531' title='bbox 2080 2320 2375 2389; x_wconf 75' lang='grc' dir='ltr'><strong>Ῥωμαίων</strong></span> <span class='ocrx_word' id='word_1_532' title='bbox 2402 2319 2681 2372; x_wconf 83' lang='grc' dir='ltr'>ποιοῦνται</span> <span class='ocrx_word' id='word_1_533' title='bbox 2735 2305 3136 2386; x_wconf 74' lang='grc' dir='ltr'>σύστρατηγὸν,</span> <span class='ocrx_word' id='word_1_534' title='bbox 3191 2317 3302 2374; x_wconf 76' lang='grc' dir='ltr'>τοῖς</span> <span class='ocrx_word' id='word_1_535' title='bbox 3334 2313 3493 2364; x_wconf 79' lang='grc' dir='ltr'>ἐναν-</span> 
     </span>
    </p>
   </div>
   <div class='ocr_carea' id='block_1_82' title="bbox 1913 2401 3491 2477">
    <p class='ocr_par' dir='ltr' id='par_1_82' title="bbox 1913 2401 3491 2477">
     <span class='ocr_line' id='line_1_82' title="bbox 1913 2401 3491 2477; baseline -0.004 -14"><span class='ocrx_word' id='word_1_536' title='bbox 1913 2401 2054 2475; x_wconf 63' lang='lat' dir='ltr'><strong>siet;</strong></span> <span class='ocrx_word' id='word_1_537' title='bbox 2080 2414 2341 2467; x_wconf 78' lang='grc' dir='ltr'><strong>ἑάλωκεν.</strong></span> <span class='ocrx_word' id='word_1_538' title='bbox 2369 2412 2539 2465; x_wconf 80' lang='lat' dir='ltr'><strong>Etiam</strong></span> <span class='ocrx_word' id='word_1_539' title='bbox 2569 2411 2851 2465; x_wconf 73' lang='lat' dir='ltr'><strong>Heraclitus</strong></span> <span class='ocrx_word' id='word_1_540' title='bbox 2879 2411 3175 2477; x_wconf 85' lang='lat' dir='ltr'><strong>imperator</strong></span> <span class='ocrx_word' id='word_1_541' title='bbox 3197 2404 3491 2475; x_wconf 77' lang='lat' dir='ltr'><strong>imaginem</strong></span> 
     </span>
    </p>
   </div>
   <div class='ocr_carea' id='block_1_83' title="bbox 1923 2497 3490 2572">
    <p class='ocr_par' dir='ltr' id='par_1_83' title="bbox 1923 2497 3490 2572">
     <span class='ocr_line' id='line_1_83' title="bbox 1923 2497 3490 2572; baseline -0.01 -12"><span class='ocrx_word' id='word_1_542' title='bbox 1923 2504 2284 2560; x_wconf 68' lang='lat' dir='ltr'><strong>sanctissima:</strong></span> <span class='ocrx_word' id='word_1_543' title='bbox 2334 2504 2571 2572; x_wconf 82' lang='lat' dir='ltr'><strong>Virginis</strong></span> <span class='ocrx_word' id='word_1_544' title='bbox 2622 2503 2675 2555; x_wconf 92' lang='lat' dir='ltr'><strong>in</strong></span> <span class='ocrx_word' id='word_1_545' title='bbox 2714 2501 2962 2554; x_wconf 84' lang='lat' dir='ltr'><strong>militiam</strong></span> <span class='ocrx_word' id='word_1_546' title='bbox 3021 2497 3259 2566; x_wconf 66' lang='lat' dir='ltr'><strong>praesidii</strong></span> <span class='ocrx_word' id='word_1_547' title='bbox 3324 2507 3490 2547; x_wconf 88' lang='lat' dir='ltr'><strong>causa</strong></span> 
     </span>
    </p>
   </div>
   <div class='ocr_carea' id='block_1_84' title="bbox 1921 2586 3492 2651">
    <p class='ocr_par' dir='ltr' id='par_1_84' title="bbox 1921 2586 3492 2651">
     <span class='ocr_line' id='line_1_84' title="bbox 1921 2586 3492 2651; baseline -0.008 -2"><span class='ocrx_word' id='word_1_548' title='bbox 1921 2597 2246 2651; x_wconf 85' lang='lat' dir='ltr'><strong>abducebat.</strong></span> <span class='ocrx_word' id='word_1_549' title='bbox 2306 2597 2577 2649; x_wconf 86' lang='lat' dir='ltr'><strong>Arthurus</strong></span> <span class='ocrx_word' id='word_1_550' title='bbox 2617 2593 2790 2647; x_wconf 87' lang='lat' dir='ltr'><strong>Britto</strong></span> <span class='ocrx_word' id='word_1_551' title='bbox 2823 2594 2876 2645; x_wconf 88' lang='lat' dir='ltr'><strong>in</strong></span> <span class='ocrx_word' id='word_1_552' title='bbox 2912 2591 3184 2645; x_wconf 76' lang='lat' dir='ltr'><strong>obsidione</strong></span> <span class='ocrx_word' id='word_1_553' title='bbox 3233 2586 3492 2640; x_wconf 84' lang='lat' dir='ltr'><strong>Badonici</strong></span> 
     </span>
    </p>
   </div>
   <div class='ocr_carea' id='block_1_85' title="bbox 1922 2682 3497 2755">
    <p class='ocr_par' dir='ltr' id='par_1_85' title="bbox 1922 2682 3497 2755">
     <span class='ocr_line' id='line_1_85' title="bbox 1922 2682 3497 2755; baseline -0.008 -13"><span class='ocrx_word' id='word_1_554' title='bbox 1922 2690 2142 2744; x_wconf 71' lang='lat' dir='ltr'><strong>Montis.</strong></span> <span class='ocrx_word' id='word_1_555' title='bbox 2182 2689 2345 2755; x_wconf 80' lang='lat' dir='ltr'><strong>fretus</strong></span> <span class='ocrx_word' id='word_1_556' title='bbox 2380 2687 2608 2753; x_wconf 83' lang='lat' dir='ltr'><strong>imagine</strong></span> <span class='ocrx_word' id='word_1_557' title='bbox 2643 2685 2929 2737; x_wconf 65' lang='lat' dir='ltr'><strong>Dominicis</strong></span> <span class='ocrx_word' id='word_1_558' title='bbox 2970 2682 3161 2735; x_wconf 76' lang='lat' dir='ltr'><strong>Matris</strong></span> <span class='ocrx_word' id='word_1_559' title='bbox 3195 2696 3353 2748; x_wconf 87' lang='lat' dir='ltr'><strong>quam</strong></span> <span class='ocrx_word' id='word_1_560' title='bbox 3410 2694 3497 2730; x_wconf 89' lang='lat' dir='ltr'><strong>ar-</strong></span> 
     </span>
    </p>
   </div>
   <div class='ocr_carea' id='block_1_86' title="bbox 1920 2769 3494 2843">
    <p class='ocr_par' dir='ltr' id='par_1_86' title="bbox 1920 2769 3494 2843">
     <span class='ocr_line' id='line_1_86' title="bbox 1920 2769 3494 2843; baseline -0.007 -13"><span class='ocrx_word' id='word_1_561' title='bbox 1920 2780 2018 2830; x_wconf 86' lang='lat' dir='ltr'><strong>mis</strong></span> <span class='ocrx_word' id='word_1_562' title='bbox 2054 2779 2162 2830; x_wconf 82' lang='lat' dir='ltr'><strong>suis</strong></span> <span class='ocrx_word' id='word_1_563' title='bbox 2198 2778 2455 2840; x_wconf 65' lang='lat' dir='ltr'><strong>insuerat,</strong></span> <span class='ocrx_word' id='word_1_564' title='bbox 2492 2784 2776 2843; x_wconf 81' lang='lat' dir='ltr'><strong>nongentos</strong></span> <span class='ocrx_word' id='word_1_565' title='bbox 2835 2773 3063 2826; x_wconf 81' lang='lat' dir='ltr'><strong>hostium</strong></span> <span class='ocrx_word' id='word_1_566' title='bbox 3094 2772 3239 2823; x_wconf 83' lang='lat' dir='ltr'><strong>solus</strong></span> <span class='ocrx_word' id='word_1_567' title='bbox 3271 2769 3494 2821; x_wconf 83' lang='lat' dir='ltr'><strong>adorsus</strong></span> 
     </span>
    </p>
   </div>
   <div class='ocr_carea' id='block_1_87' title="bbox 1921 2862 3495 2937">
    <p class='ocr_par' dir='ltr' id='par_1_87' title="bbox 1921 2862 3495 2937">
     <span class='ocr_line' id='line_1_87' title="bbox 1921 2862 3495 2937; baseline -0.005 -14"><span class='ocrx_word' id='word_1_568' title='bbox 1921 2870 2218 2923; x_wconf 81' lang='lat' dir='ltr'><strong>incredibili</strong></span> <span class='ocrx_word' id='word_1_569' title='bbox 2279 2869 2417 2922; x_wconf 79' lang='lat' dir='ltr'><strong>ccede</strong></span> <span class='ocrx_word' id='word_1_570' title='bbox 2474 2868 2796 2937; x_wconf 83' lang='lat' dir='ltr'><strong>proﬂigavit,</strong></span> <span class='ocrx_word' id='word_1_571' title='bbox 2827 2876 2887 2919; x_wconf 93' lang='lat' dir='ltr'><strong>ut</strong></span> <span class='ocrx_word' id='word_1_572' title='bbox 2921 2864 3113 2919; x_wconf 87' lang='lat' dir='ltr'><strong>scribit</strong></span> <span class='ocrx_word' id='word_1_573' title='bbox 3163 2862 3495 2915; x_wconf 84' lang='lat' dir='ltr'><strong>Wilhclmus</strong></span> 
     </span>
    </p>
   </div>
   <div class='ocr_carea' id='block_1_88' title="bbox 1930 2954 3494 3030">
    <p class='ocr_par' dir='ltr' id='par_1_88' title="bbox 1930 2954 3494 3030">
     <span class='ocr_line' id='line_1_88' title="bbox 1930 2954 3494 3030; baseline -0.006 -15"><span class='ocrx_word' id='word_1_574' title='bbox 1930 2961 2457 3026; x_wconf 81' lang='lat' dir='ltr'><strong>Malmesburiensis,</strong></span> <span class='ocrx_word' id='word_1_575' title='bbox 2488 2960 2557 3014; x_wconf 92' lang='grc' dir='ltr'><strong>1.ι</strong></span> <span class='ocrx_word' id='word_1_576' title='bbox 2590 2960 2663 3013; x_wconf 89' lang='lat' dir='ltr'><strong>De</strong></span> <span class='ocrx_word' id='word_1_577' title='bbox 2690 2958 2859 3030; x_wconf 87' lang='lat' dir='ltr'><strong>gestis</strong></span> <span class='ocrx_word' id='word_1_578' title='bbox 2892 2972 3079 3026; x_wconf 87' lang='lat' dir='ltr'><strong>regum</strong></span> <span class='ocrx_word' id='word_1_579' title='bbox 3109 2955 3337 3023; x_wconf 79' lang='lat' dir='ltr'><strong>Anglize,</strong></span> <span class='ocrx_word' id='word_1_580' title='bbox 3362 2968 3411 3007; x_wconf 92' lang='lat' dir='ltr'><strong>c.</strong></span> <span class='ocrx_word' id='word_1_581' title='bbox 3447 2954 3494 3006; x_wconf 91' lang='lat' dir='ltr'><strong>l.</strong></span> 
     </span>
    </p>
   </div>
   <div class='ocr_carea' id='block_1_89' title="bbox 1930 3056 2133 3108">
    <p class='ocr_par' dir='ltr' id='par_1_89' title="bbox 1930 3056 2133 3108">
     <span class='ocr_line' id='line_1_89' title="bbox 1930 3056 2133 3108; baseline -0.005 0"><span class='ocrx_word' id='word_1_582' title='bbox 1930 3056 2133 3108; x_wconf 73' lang='lat' dir='ltr'><strong>(iners.</strong></span> 
     </span>
    </p>
   </div>
   <div class='ocr_carea' id='block_1_90' title="bbox 1995 3138 3495 3216">
    <p class='ocr_par' dir='ltr' id='par_1_90' title="bbox 1995 3138 3495 3216">
     <span class='ocr_line' id='line_1_90' title="bbox 1995 3138 3495 3216; baseline -0.009 -15"><span class='ocrx_word' id='word_1_583' title='bbox 1995 3146 2137 3201; x_wconf 83' lang='lat' dir='ltr'><strong>Ibid.</strong></span> <span class='ocrx_word' id='word_1_584' title='bbox 2191 3144 2328 3216; x_wconf 82' lang='grc' dir='ltr'><strong>[Τῆς</strong></span> <span class='ocrx_word' id='word_1_585' title='bbox 2382 3144 2715 3199; x_wconf 76' lang='grc' dir='ltr'><strong>νικοποισῦ.</strong></span> <span class='ocrx_word' id='word_1_586' title='bbox 2755 3141 2906 3207; x_wconf 86' lang='lat' dir='ltr'><strong>Quod</strong></span> <span class='ocrx_word' id='word_1_587' title='bbox 2969 3139 3135 3195; x_wconf 87' lang='lat' dir='ltr'><strong>dubie</strong></span> <span class='ocrx_word' id='word_1_588' title='bbox 3183 3138 3495 3197; x_wconf 82' lang='lat' dir='ltr'><strong>Gretscrus.</strong></span> 
     </span>
    </p>
   </div>
   <div class='ocr_carea' id='block_1_91' title="bbox 1927 3226 3498 3304">
    <p class='ocr_par' dir='ltr' id='par_1_91' title="bbox 1927 3226 3498 3304">
     <span class='ocr_line' id='line_1_91' title="bbox 1927 3226 3498 3304; baseline -0.011 -9"><span class='ocrx_word' id='word_1_589' title='bbox 1927 3250 2110 3295; x_wconf 89' lang='lat' dir='ltr'><strong>certus</strong></span> <span class='ocrx_word' id='word_1_590' title='bbox 2156 3252 2345 3294; x_wconf 88' lang='lat' dir='ltr'><strong>assero</strong></span> <span class='ocrx_word' id='word_1_591' title='bbox 2379 3238 2517 3292; x_wconf 70' lang='lat' dir='ltr'><strong>diva:</strong></span> <span class='ocrx_word' id='word_1_592' title='bbox 2576 3235 2818 3304; x_wconf 78' lang='lat' dir='ltr'><strong>Virginis</strong></span> <span class='ocrx_word' id='word_1_593' title='bbox 2866 3234 3160 3303; x_wconf 87' lang='lat' dir='ltr'><strong>imaginem</strong></span> <span class='ocrx_word' id='word_1_594' title='bbox 3220 3226 3498 3283; x_wconf 78' lang='grc' dir='ltr'>νικοποιοῦ</span> 
     </span>
    </p>
   </div>
   <div class='ocr_carea' id='block_1_92' title="bbox 1927 3323 3501 3400">
    <p class='ocr_par' dir='ltr' id='par_1_92' title="bbox 1927 3323 3501 3400">
     <span class='ocr_line' id='line_1_92' title="bbox 1927 3323 3501 3400; baseline -0.009 -12"><span class='ocrx_word' id='word_1_595' title='bbox 1927 3334 2147 3388; x_wconf 87' lang='lat' dir='ltr'><strong>nomine</strong></span> <span class='ocrx_word' id='word_1_596' title='bbox 2189 3340 2569 3386; x_wconf 85' lang='lat' dir='ltr'><strong>consecratam</strong></span> <span class='ocrx_word' id='word_1_597' title='bbox 2606 3345 2658 3383; x_wconf 82' lang='lat' dir='ltr'><strong>et</strong></span> <span class='ocrx_word' id='word_1_598' title='bbox 2688 3332 2740 3384; x_wconf 92' lang='lat' dir='ltr'><strong>in</strong></span> <span class='ocrx_word' id='word_1_599' title='bbox 2774 3328 2977 3400; x_wconf 85' lang='lat' dir='ltr'><strong>palatio</strong></span> <span class='ocrx_word' id='word_1_600' title='bbox 3003 3342 3031 3379; x_wconf 90' lang='lat' dir='ltr'><strong>a</strong></span> <span class='ocrx_word' id='word_1_601' title='bbox 3089 3326 3301 3380; x_wconf 72' lang='lat' dir='ltr'><strong>Joanne</strong></span> <span class='ocrx_word' id='word_1_602' title='bbox 3337 3323 3501 3378; x_wconf 83' lang='lat' dir='ltr'><strong>Corn-</strong></span> 
     </span>
    </p>
   </div>
   <div class='ocr_carea' id='block_1_93' title="bbox 1928 3415 3499 3492">
    <p class='ocr_par' dir='ltr' id='par_1_93' title="bbox 1928 3415 3499 3492">
     <span class='ocr_line' id='line_1_93' title="bbox 1928 3415 3499 3492; baseline -0.007 -14"><span class='ocrx_word' id='word_1_603' title='bbox 1928 3439 2068 3478; x_wconf 90' lang='lat' dir='ltr'><strong>neno</strong></span> <span class='ocrx_word' id='word_1_604' title='bbox 2104 3425 2424 3491; x_wconf 83' lang='lat' dir='ltr'><strong>repositam.</strong></span> <span class='ocrx_word' id='word_1_605' title='bbox 2457 3425 2796 3492; x_wconf 77' lang='lat' dir='ltr'><strong>Argumenta</strong></span> <span class='ocrx_word' id='word_1_606' title='bbox 2849 3419 2984 3473; x_wconf 90' lang='lat' dir='ltr'><strong>mihi</strong></span> <span class='ocrx_word' id='word_1_607' title='bbox 3023 3429 3153 3473; x_wconf 88' lang='lat' dir='ltr'><strong>sunt.</strong></span> <span class='ocrx_word' id='word_1_608' title='bbox 3194 3416 3394 3470; x_wconf 62' lang='lat' dir='ltr'><strong>Nicetes</strong></span> <span class='ocrx_word' id='word_1_609' title='bbox 3430 3415 3499 3468; x_wconf 89' lang='lat' dir='ltr'><strong>de</strong></span> 
     </span>
    </p>
   </div>
   <div class='ocr_carea' id='block_1_94' title="bbox 1927 3507 3496 3582">
    <p class='ocr_par' dir='ltr' id='par_1_94' title="bbox 1927 3507 3496 3582">
     <span class='ocr_line' id='line_1_94' title="bbox 1927 3507 3496 3582; baseline -0.005 -13"><span class='ocrx_word' id='word_1_610' title='bbox 1927 3516 2014 3569; x_wconf 90' lang='lat' dir='ltr'><strong>illa</strong></span> <span class='ocrx_word' id='word_1_611' title='bbox 2049 3515 2282 3582; x_wconf 63' lang='lat' dir='ltr'><strong>imagine</strong></span> <span class='ocrx_word' id='word_1_612' title='bbox 2312 3516 2362 3566; x_wconf 93' lang='lat' dir='ltr'><strong>in</strong></span> <span class='ocrx_word' id='word_1_613' title='bbox 2416 3514 2753 3581; x_wconf 90' lang='lat' dir='ltr'><strong>triumphum</strong></span> <span class='ocrx_word' id='word_1_614' title='bbox 2788 3521 2911 3565; x_wconf 89' lang='lat' dir='ltr'><strong>acta</strong></span> <span class='ocrx_word' id='word_1_615' title='bbox 2977 3510 3253 3579; x_wconf 88' lang='lat' dir='ltr'><strong>loquentis</strong></span> <span class='ocrx_word' id='word_1_616' title='bbox 3285 3507 3449 3561; x_wconf 86' lang='lat' dir='ltr'><strong>verba</strong></span> <span class='ocrx_word' id='word_1_617' title='bbox 3481 3523 3496 3561; x_wconf 88' lang='lat'>:</span> 
     </span>
    </p>
   </div>
   <div class='ocr_carea' id='block_1_95' title="bbox 1923 3602 3499 3675">
    <p class='ocr_par' dir='ltr' id='par_1_95' title="bbox 1923 3602 3499 3675">
     <span class='ocr_line' id='line_1_95' title="bbox 1923 3602 3499 3675; baseline -0.008 -15"><span class='ocrx_word' id='word_1_618' title='bbox 1923 3606 2034 3665; x_wconf 77' lang='grc' dir='ltr'><strong>Τὰς</strong></span> <span class='ocrx_word' id='word_1_619' title='bbox 2080 3606 2233 3667; x_wconf 68' lang='grc' dir='ltr'>νίκας</span> <span class='ocrx_word' id='word_1_620' title='bbox 2269 3609 2330 3674; x_wconf 83' lang='grc' dir='ltr'>τῇ</span> <span class='ocrx_word' id='word_1_621' title='bbox 2384 3605 2679 3675; x_wconf 80' lang='grc' dir='ltr'>θεομήτορι</span> <span class='ocrx_word' id='word_1_622' title='bbox 2704 3605 2777 3667; x_wconf 85' lang='grc' dir='ltr'><strong>ὠς</strong></span> <span class='ocrx_word' id='word_1_623' title='bbox 2813 3603 3267 3673; x_wconf 79' lang='grc' dir='ltr'>συστρατηγέτιδι</span> <span class='ocrx_word' id='word_1_624' title='bbox 3299 3602 3499 3669; x_wconf 76' lang='grc' dir='ltr'><strong>ἀμάχῳ</strong></span> 
     </span>
    </p>
   </div>
   <div class='ocr_carea' id='block_1_96' title="bbox 1926 3696 3498 3768">
    <p class='ocr_par' dir='ltr' id='par_1_96' title="bbox 1926 3696 3498 3768">
     <span class='ocr_line' id='line_1_96' title="bbox 1926 3696 3498 3768; baseline -0.004 -17"><span class='ocrx_word' id='word_1_625' title='bbox 1926 3700 2387 3768; x_wconf 64' lang='grc' dir='ltr'><strong>ἐπιγραφόμενος.</strong></span> <span class='ocrx_word' id='word_1_626' title='bbox 2432 3698 2537 3764; x_wconf 81' lang='lat' dir='ltr'><strong>Qui</strong></span> <span class='ocrx_word' id='word_1_627' title='bbox 2592 3698 2757 3753; x_wconf 83' lang='lat' dir='ltr'><strong>etiam</strong></span> <span class='ocrx_word' id='word_1_628' title='bbox 2819 3698 3082 3765; x_wconf 86' lang='lat' dir='ltr'><strong>triumphi</strong></span> <span class='ocrx_word' id='word_1_629' title='bbox 3129 3711 3381 3765; x_wconf 82' lang='lat' dir='ltr'><strong>pompam</strong></span> <span class='ocrx_word' id='word_1_630' title='bbox 3434 3696 3498 3746; x_wconf 81' lang='grc' dir='ltr'>ἐκ</span> 
     </span>
    </p>
   </div>
   <div class='ocr_carea' id='block_1_97' title="bbox 1925 3787 3498 3857">
    <p class='ocr_par' dir='ltr' id='par_1_97' title="bbox 1925 3787 3498 3857">
     <span class='ocr_line' id='line_1_97' title="bbox 1925 3787 3498 3857; baseline -0.003 -17"><span class='ocrx_word' id='word_1_631' title='bbox 1925 3789 2035 3841; x_wconf 83' lang='grc' dir='ltr'><strong>τῶν</strong></span> <span class='ocrx_word' id='word_1_632' title='bbox 2071 3788 2217 3857; x_wconf 75' lang='grc' dir='ltr'><strong>ἑῴων</strong></span> <span class='ocrx_word' id='word_1_633' title='bbox 2255 3788 2440 3840; x_wconf 78' lang='grc' dir='ltr'>πυλῶν</span> <span class='ocrx_word' id='word_1_634' title='bbox 2497 3790 2597 3857; x_wconf 78' lang='grc' dir='ltr'><strong>τῆς</strong></span> <span class='ocrx_word' id='word_1_635' title='bbox 2624 3790 2829 3850; x_wconf 77' lang='grc' dir='ltr'><strong>πόλεως</strong></span> <span class='ocrx_word' id='word_1_636' title='bbox 2864 3790 2920 3850; x_wconf 83' lang='grc' dir='ltr'><strong>ὲς</strong></span> <span class='ocrx_word' id='word_1_637' title='bbox 2944 3788 3079 3839; x_wconf 71' lang='grc' dir='ltr'>αὐτὸ</span> <span class='ocrx_word' id='word_1_638' title='bbox 3106 3788 3165 3837; x_wconf 76' lang='grc' dir='ltr'><strong>τὸ</strong></span> <span class='ocrx_word' id='word_1_639' title='bbox 3198 3787 3339 3854; x_wconf 74' lang='grc' dir='ltr'><strong>μέγα.</strong></span> <span class='ocrx_word' id='word_1_640' title='bbox 3390 3800 3498 3836; x_wconf 81' lang='grc' dir='ltr'><strong>πα·</strong></span> 
     </span>
    </p>
   </div>
   <div class='ocr_carea' id='block_1_98' title="bbox 1925 3875 3495 3942">
    <p class='ocr_par' dir='ltr' id='par_1_98' title="bbox 1925 3875 3495 3942">
     <span class='ocr_line' id='line_1_98' title="bbox 1925 3875 3495 3942; baseline -0.002 -11"><span class='ocrx_word' id='word_1_641' title='bbox 1925 3881 2105 3933; x_wconf 76' lang='grc' dir='ltr'>λάτιον</span> <span class='ocrx_word' id='word_1_642' title='bbox 2128 3878 2300 3932; x_wconf 71' lang='lat' dir='ltr'><strong>duxit.</strong></span> <span class='ocrx_word' id='word_1_643' title='bbox 2338 3879 2549 3933; x_wconf 85' lang='lat' dir='ltr'><strong>Manuel</strong></span> <span class='ocrx_word' id='word_1_644' title='bbox 2580 3880 2721 3932; x_wconf 83' lang='lat' dir='ltr'><strong>titius</strong></span> <span class='ocrx_word' id='word_1_645' title='bbox 2752 3880 2950 3942; x_wconf 90' lang='lat' dir='ltr'><strong>eidem,</strong></span> <span class='ocrx_word' id='word_1_646' title='bbox 2988 3880 3062 3931; x_wconf 91' lang='lat' dir='ltr'><strong>ait</strong></span> <span class='ocrx_word' id='word_1_647' title='bbox 3100 3879 3242 3932; x_wconf 83' lang='lat' dir='ltr'><strong>illius</strong></span> <span class='ocrx_word' id='word_1_648' title='bbox 3303 3875 3433 3931; x_wconf 71' lang='lat' dir='ltr'><strong>Vitae</strong></span> <span class='ocrx_word' id='word_1_649' title='bbox 3460 3877 3495 3930; x_wconf 92' lang='grc' dir='ltr'><strong>Ι.</strong></span> 
     </span>
    </p>
   </div>
   <div class='ocr_carea' id='block_1_99' title="bbox 1926 3970 3499 4040">
    <p class='ocr_par' dir='ltr' id='par_1_99' title="bbox 1926 3970 3499 4040">
     <span class='ocr_line' id='line_1_99' title="bbox 1926 3970 3499 4040; baseline -0.004 -17"><span class='ocrx_word' id='word_1_650' title='bbox 1926 3987 1976 4034; x_wconf 83' lang='lat' dir='ltr'><strong>v,</strong></span> <span class='ocrx_word' id='word_1_651' title='bbox 2017 3971 2351 4038; x_wconf 81' lang='lat' dir='ltr'><strong>triumphum</strong></span> <span class='ocrx_word' id='word_1_652' title='bbox 2391 3986 2487 4023; x_wconf 84' lang='lat' dir='ltr'><strong>ceu</strong></span> <span class='ocrx_word' id='word_1_653' title='bbox 2546 3971 2893 4040; x_wconf 75' lang='grc' dir='ltr'><strong>ἁπροσμὰχῳ</strong></span> <span class='ocrx_word' id='word_1_654' title='bbox 2925 3971 3020 4024; x_wconf 70' lang='grc' dir='ltr'><strong>καὶ</strong></span> <span class='ocrx_word' id='word_1_655' title='bbox 3067 3970 3499 4036; x_wconf 78' lang='grc' dir='ltr'>ἀκαταγωνίστῳ</span> 
     </span>
    </p>
   </div>
   <div class='ocr_carea' id='block_1_100' title="bbox 1928 4059 2757 4133">
    <p class='ocr_par' dir='ltr' id='par_1_100' title="bbox 1928 4059 2757 4133">
     <span class='ocr_line' id='line_1_100' title="bbox 1928 4059 2757 4133; baseline -0.001 -20"><span class='ocrx_word' id='word_1_656' title='bbox 1928 4060 2284 4131; x_wconf 75' lang='grc' dir='ltr'>συστρατηγῷ</span> <span class='ocrx_word' id='word_1_657' title='bbox 2325 4062 2518 4115; x_wconf 73' lang='lat' dir='ltr'><strong>erexit.</strong></span> <span class='ocrx_word' id='word_1_658' title='bbox 2558 4059 2757 4133; x_wconf 61' lang='lat' dir='ltr'><strong>Gesn]</strong></span> 
     </span>
    </p>
   </div>
   <div class='ocr_carea' id='block_1_101' title="bbox 1996 4151 3500 4222">
    <p class='ocr_par' dir='ltr' id='par_1_101' title="bbox 1996 4151 3500 4222">
     <span class='ocr_line' id='line_1_101' title="bbox 1996 4151 3500 4222; baseline -0.003 -16"><span class='ocrx_word' id='word_1_659' title='bbox 1996 4152 2073 4206; x_wconf 89' lang='lat' dir='ltr'><strong>Ib.</strong></span> <span class='ocrx_word' id='word_1_660' title='bbox 2118 4152 2174 4206; x_wconf 89' lang='lat' dir='ltr'><strong>S.</strong></span> <span class='ocrx_word' id='word_1_661' title='bbox 2222 4152 2429 4222; x_wconf 83' lang='lat' dir='ltr'><strong>Georgii</strong></span> <span class='ocrx_word' id='word_1_662' title='bbox 2464 4154 2657 4221; x_wconf 81' lang='lat' dir='ltr'><strong>imago.</strong></span> <span class='ocrx_word' id='word_1_663' title='bbox 2696 4151 2951 4213; x_wconf 84' lang='lat' dir='ltr'><strong>Forsitan</strong></span> <span class='ocrx_word' id='word_1_664' title='bbox 2992 4152 3102 4205; x_wconf 59' lang='lat' dir='ltr'><strong>haec</strong></span> <span class='ocrx_word' id='word_1_665' title='bbox 3168 4152 3255 4204; x_wconf 86' lang='lat' dir='ltr'><strong>illa</strong></span> <span class='ocrx_word' id='word_1_666' title='bbox 3316 4159 3400 4204; x_wconf 87' lang='lat' dir='ltr'><strong>est</strong></span> <span class='ocrx_word' id='word_1_667' title='bbox 3433 4165 3500 4203; x_wconf 78' lang='lat' dir='ltr'><strong>cx</strong></span> 
     </span>
    </p>
   </div>
   <div class='ocr_carea' id='block_1_102' title="bbox 1925 4246 3496 4317">
    <p class='ocr_par' dir='ltr' id='par_1_102' title="bbox 1925 4246 3496 4317">
     <span class='ocr_line' id='line_1_102' title="bbox 1925 4246 3496 4317; baseline 0 -20"><span class='ocrx_word' id='word_1_668' title='bbox 1925 4261 2030 4313; x_wconf 86' lang='lat' dir='ltr'><strong>qua</strong></span> <span class='ocrx_word' id='word_1_669' title='bbox 2088 4246 2408 4315; x_wconf 80' lang='lat' dir='ltr'><strong>sanguinem</strong></span> <span class='ocrx_word' id='word_1_670' title='bbox 2458 4262 2709 4300; x_wconf 87' lang='lat' dir='ltr'><strong>manasse</strong></span> <span class='ocrx_word' id='word_1_671' title='bbox 2760 4248 2952 4301; x_wconf 85' lang='lat' dir='ltr'><strong>scribit</strong></span> <span class='ocrx_word' id='word_1_672' title='bbox 3012 4246 3395 4317; x_wconf 82' lang='lat' dir='ltr'><strong>Pacbymeres,</strong></span> <span class='ocrx_word' id='word_1_673' title='bbox 3460 4246 3496 4297; x_wconf 88' lang='grc' dir='ltr'><strong>Ι.</strong></span> 
     </span>
    </p>
   </div>
   <div class='ocr_carea' id='block_1_103' title="bbox 1925 4336 3499 4406">
    <p class='ocr_par' dir='ltr' id='par_1_103' title="bbox 1925 4336 3499 4406">
     <span class='ocr_line' id='line_1_103' title="bbox 1925 4336 3499 4406; baseline -0.001 -17"><span class='ocrx_word' id='word_1_674' title='bbox 1925 4352 1997 4389; x_wconf 83' lang='lat' dir='ltr'><strong>vn</strong></span> <span class='ocrx_word' id='word_1_675' title='bbox 2063 4336 2267 4389; x_wconf 80' lang='lat' dir='ltr'><strong>Hister.</strong></span> <span class='ocrx_word' id='word_1_676' title='bbox 2323 4337 2483 4391; x_wconf 87' lang='lat' dir='ltr'><strong>Certe</strong></span> <span class='ocrx_word' id='word_1_677' title='bbox 2540 4338 2627 4390; x_wconf 87' lang='lat' dir='ltr'><strong>illa</strong></span> <span class='ocrx_word' id='word_1_678' title='bbox 2668 4348 2750 4391; x_wconf 90' lang='lat' dir='ltr'><strong>est</strong></span> <span class='ocrx_word' id='word_1_679' title='bbox 2807 4338 2963 4405; x_wconf 85' lang='lat' dir='ltr'><strong>cujus</strong></span> <span class='ocrx_word' id='word_1_680' title='bbox 3026 4352 3201 4404; x_wconf 88' lang='lat' dir='ltr'><strong>equus</strong></span> <span class='ocrx_word' id='word_1_681' title='bbox 3238 4336 3499 4406; x_wconf 81' lang='lat' dir='ltr'><strong>(equitem</strong></span> 
     </span>
    </p>
   </div>
   <div class='ocr_carea' id='block_1_104' title="bbox 1924 4428 3496 4499">
    <p class='ocr_par' dir='ltr' id='par_1_104' title="bbox 1924 4428 3496 4499">
     <span class='ocr_line' id='line_1_104' title="bbox 1924 4428 3496 4499; baseline -0.001 -18"><span class='ocrx_word' id='word_1_682' title='bbox 1924 4429 2069 4481; x_wconf 88' lang='lat' dir='ltr'><strong>enim</strong></span> <span class='ocrx_word' id='word_1_683' title='bbox 2102 4430 2214 4483; x_wconf 62' lang='lat' dir='ltr'><strong>hate</strong></span> <span class='ocrx_word' id='word_1_684' title='bbox 2244 4431 2421 4498; x_wconf 83' lang='lat' dir='ltr'><strong>imago</strong></span> <span class='ocrx_word' id='word_1_685' title='bbox 2451 4429 2507 4483; x_wconf 91' lang='lat' dir='ltr'><strong>S.</strong></span> <span class='ocrx_word' id='word_1_686' title='bbox 2546 4430 2838 4499; x_wconf 86' lang='lat' dir='ltr'><strong>Georgium</strong></span> <span class='ocrx_word' id='word_1_687' title='bbox 2872 4428 3182 4498; x_wconf 80' lang='lat' dir='ltr'><strong>exhibebat)</strong></span> <span class='ocrx_word' id='word_1_688' title='bbox 3222 4431 3496 4481; x_wconf 89' lang='lat' dir='ltr'><strong>horrcndo</strong></span> 
     </span>
    </p>
   </div>
   <div class='ocr_carea' id='block_1_105' title="bbox 1928 4521 3491 4591">
    <p class='ocr_par' dir='ltr' id='par_1_105' title="bbox 1928 4521 3491 4591">
     <span class='ocr_line' id='line_1_105' title="bbox 1928 4521 3491 4591; baseline -0.001 -17"><span class='ocrx_word' id='word_1_689' title='bbox 1928 4521 2173 4591; x_wconf 85' lang='lat' dir='ltr'><strong>prodigio</strong></span> <span class='ocrx_word' id='word_1_690' title='bbox 2206 4522 2525 4576; x_wconf 83' lang='lat' dir='ltr'><strong>horriﬁcum</strong></span> <span class='ocrx_word' id='word_1_691' title='bbox 2577 4522 2847 4576; x_wconf 90' lang='lat' dir='ltr'><strong>hinnitum</strong></span> <span class='ocrx_word' id='word_1_692' title='bbox 2913 4522 3084 4575; x_wconf 88' lang='lat' dir='ltr'><strong>edidit</strong></span> <span class='ocrx_word' id='word_1_693' title='bbox 3135 4522 3235 4576; x_wconf 85' lang='lat' dir='ltr'><strong>sub</strong></span> <span class='ocrx_word' id='word_1_694' title='bbox 3273 4523 3491 4575; x_wconf 85' lang='lat' dir='ltr'><strong>Andro-</strong></span> 
     </span>
    </p>
   </div>
   <div class='ocr_carea' id='block_1_106' title="bbox 1925 4612 3497 4683">
    <p class='ocr_par' dir='ltr' id='par_1_106' title="bbox 1925 4612 3497 4683">
     <span class='ocr_line' id='line_1_106' title="bbox 1925 4612 3497 4683; baseline -0.001 -15"><span class='ocrx_word' id='word_1_695' title='bbox 1925 4616 2047 4668; x_wconf 90' lang='lat' dir='ltr'><strong>nico</strong></span> <span class='ocrx_word' id='word_1_696' title='bbox 2079 4614 2295 4667; x_wconf 86' lang='lat' dir='ltr'><strong>seniore</strong></span> <span class='ocrx_word' id='word_1_697' title='bbox 2350 4615 2696 4683; x_wconf 84' lang='lat' dir='ltr'><strong>imperatore,</strong></span> <span class='ocrx_word' id='word_1_698' title='bbox 2734 4614 2895 4683; x_wconf 88' lang='lat' dir='ltr'><strong>paulo</strong></span> <span class='ocrx_word' id='word_1_699' title='bbox 2924 4623 3053 4667; x_wconf 88' lang='lat' dir='ltr'><strong>ante</strong></span> <span class='ocrx_word' id='word_1_700' title='bbox 3097 4629 3260 4681; x_wconf 89' lang='lat' dir='ltr'><strong>quam</strong></span> <span class='ocrx_word' id='word_1_701' title='bbox 3306 4612 3497 4681; x_wconf 89' lang='lat' dir='ltr'><strong>junior</strong></span> 
     </span>
    </p>
   </div>
   <div class='ocr_carea' id='block_1_107' title="bbox 1923 4703 3496 4774">
    <p class='ocr_par' dir='ltr' id='par_1_107' title="bbox 1923 4703 3496 4774">
     <span class='ocr_line' id='line_1_107' title="bbox 1923 4703 3496 4774; baseline -0.003 -15"><span class='ocrx_word' id='word_1_702' title='bbox 1923 4707 2271 4759; x_wconf 83' lang='lat' dir='ltr'><strong>Andronicus</strong></span> <span class='ocrx_word' id='word_1_703' title='bbox 2303 4706 2515 4774; x_wconf 80' lang='lat' dir='ltr'><strong>Cpolim</strong></span> <span class='ocrx_word' id='word_1_704' title='bbox 2543 4715 2861 4774; x_wconf 89' lang='lat' dir='ltr'><strong>occuparet.</strong></span> <span class='ocrx_word' id='word_1_705' title='bbox 2895 4703 3207 4771; x_wconf 78' lang='lat' dir='ltr'><strong>Prodigium</strong></span> <span class='ocrx_word' id='word_1_706' title='bbox 3266 4705 3367 4757; x_wconf 91' lang='lat' dir='ltr'><strong>hoc</strong></span> <span class='ocrx_word' id='word_1_707' title='bbox 3396 4705 3496 4756; x_wconf 81' lang='lat' dir='ltr'><strong>de-</strong></span> 
     </span>
    </p>
   </div>
   <div class='ocr_carea' id='block_1_108' title="bbox 1920 4793 3496 4866">
    <p class='ocr_par' dir='ltr' id='par_1_108' title="bbox 1920 4793 3496 4866">
     <span class='ocr_line' id='line_1_108' title="bbox 1920 4793 3496 4866; baseline -0.004 -13"><span class='ocrx_word' id='word_1_708' title='bbox 1920 4798 2110 4853; x_wconf 88' lang='lat' dir='ltr'><strong>scribit</strong></span> <span class='ocrx_word' id='word_1_709' title='bbox 2151 4797 2442 4866; x_wconf 80' lang='lat' dir='ltr'><strong>Gregoras,</strong></span> <span class='ocrx_word' id='word_1_710' title='bbox 2481 4797 2516 4851; x_wconf 92' lang='grc'><strong>1.</strong></span> <span class='ocrx_word' id='word_1_711' title='bbox 2572 4812 2687 4859; x_wconf 83' lang='lat' dir='ltr'><strong>vm,</strong></span> <span class='ocrx_word' id='word_1_712' title='bbox 2728 4811 2781 4864; x_wconf 93' lang='lat' dir='ltr'><strong>p.</strong></span> <span class='ocrx_word' id='word_1_713' title='bbox 2843 4796 2969 4849; x_wconf 75' lang='grc'><strong>503.</strong></span> <span class='ocrx_word' id='word_1_714' title='bbox 3026 4794 3103 4848; x_wconf 84' lang='lat' dir='ltr'><strong>Ex</strong></span> <span class='ocrx_word' id='word_1_715' title='bbox 3154 4793 3312 4863; x_wconf 88' lang='lat' dir='ltr'><strong>cujus</strong></span> <span class='ocrx_word' id='word_1_716' title='bbox 3371 4808 3496 4847; x_wconf 85' lang='lat' dir='ltr'><strong>uar-</strong></span> 
     </span>
    </p>
   </div>
   <div class='ocr_carea' id='block_1_109' title="bbox 1919 4886 3495 4957">
    <p class='ocr_par' dir='ltr' id='par_1_109' title="bbox 1919 4886 3495 4957">
     <span class='ocr_line' id='line_1_109' title="bbox 1919 4886 3495 4957; baseline -0.004 -13"><span class='ocrx_word' id='word_1_717' title='bbox 1919 4890 2133 4945; x_wconf 88' lang='lat' dir='ltr'><strong>ratione</strong></span> <span class='ocrx_word' id='word_1_718' title='bbox 2199 4892 2363 4945; x_wconf 87' lang='lat' dir='ltr'><strong>habes</strong></span> <span class='ocrx_word' id='word_1_719' title='bbox 2418 4891 2558 4944; x_wconf 88' lang='lat' dir='ltr'><strong>hanc</strong></span> <span class='ocrx_word' id='word_1_720' title='bbox 2623 4888 2683 4941; x_wconf 91' lang='lat' dir='ltr'><strong>D.</strong></span> <span class='ocrx_word' id='word_1_721' title='bbox 2738 4887 2952 4954; x_wconf 63' lang='lat' dir='ltr'><strong>Georgii</strong></span> <span class='ocrx_word' id='word_1_722' title='bbox 2988 4897 3300 4957; x_wconf 87' lang='lat' dir='ltr'><strong>equestrem</strong></span> <span class='ocrx_word' id='word_1_723' title='bbox 3359 4886 3495 4939; x_wconf 62' lang='lat' dir='ltr'><strong>ima-</strong></span> 
     </span>
    </p>
   </div>
   <div class='ocr_carea' id='block_1_110' title="bbox 1918 4980 3494 5053">
    <p class='ocr_par' dir='ltr' id='par_1_110' title="bbox 1918 4980 3494 5053">
     <span class='ocr_line' id='line_1_110' title="bbox 1918 4980 3494 5053; baseline -0.003 -18"><span class='ocrx_word' id='word_1_724' title='bbox 1918 4984 2120 5053; x_wconf 87' lang='lat' dir='ltr'><strong>ginem,</strong></span> <span class='ocrx_word' id='word_1_725' title='bbox 2155 4994 2305 5037; x_wconf 89' lang='lat' dir='ltr'><strong>tanto</strong></span> <span class='ocrx_word' id='word_1_726' title='bbox 2333 4982 2601 5036; x_wconf 83' lang='lat' dir='ltr'><strong>miraculo</strong></span> <span class='ocrx_word' id='word_1_727' title='bbox 2632 4981 3004 5045; x_wconf 88' lang='lat' dir='ltr'><strong>uobilitatam,</strong></span> <span class='ocrx_word' id='word_1_728' title='bbox 3066 4995 3191 5035; x_wconf 82' lang='lat' dir='ltr'><strong>esse</strong></span> <span class='ocrx_word' id='word_1_729' title='bbox 3248 4981 3395 5033; x_wconf 90' lang='lat' dir='ltr'><strong>illam</strong></span> <span class='ocrx_word' id='word_1_730' title='bbox 3428 4980 3494 5032; x_wconf 79' lang='lat' dir='ltr'><strong>de</strong></span> 
     </span>
    </p>
   </div>
   <div class='ocr_carea' id='block_1_111' title="bbox 1917 5070 3494 5144">
    <p class='ocr_par' dir='ltr' id='par_1_111' title="bbox 1917 5070 3494 5144">
     <span class='ocr_line' id='line_1_111' title="bbox 1917 5070 3494 5144; baseline -0.002 -16"><span class='ocrx_word' id='word_1_731' title='bbox 1917 5091 2024 5144; x_wconf 89' lang='lat' dir='ltr'><strong>qua</strong></span> <span class='ocrx_word' id='word_1_732' title='bbox 2061 5076 2147 5129; x_wconf 91' lang='lat' dir='ltr'><strong>hic</strong></span> <span class='ocrx_word' id='word_1_733' title='bbox 2172 5075 2522 5143; x_wconf 86' lang='lat' dir='ltr'><strong>Curopalata.</strong></span> <span class='ocrx_word' id='word_1_734' title='bbox 2557 5072 2691 5128; x_wconf 88' lang='lat' dir='ltr'><strong>Vide</strong></span> <span class='ocrx_word' id='word_1_735' title='bbox 2720 5088 2839 5142; x_wconf 64' lang='lat' dir='ltr'><strong>qua:</strong></span> <span class='ocrx_word' id='word_1_736' title='bbox 2864 5074 2931 5127; x_wconf 90' lang='lat' dir='ltr'><strong>de</strong></span> <span class='ocrx_word' id='word_1_737' title='bbox 2963 5070 3019 5129; x_wconf 89' lang='lat' dir='ltr'><strong>S.</strong></span> <span class='ocrx_word' id='word_1_738' title='bbox 3061 5071 3297 5139; x_wconf 85' lang='lat' dir='ltr'><strong>Georgio</strong></span> <span class='ocrx_word' id='word_1_739' title='bbox 3319 5071 3494 5140; x_wconf 84' lang='lat' dir='ltr'><strong>scrip-</strong></span> 
     </span>
    </p>
   </div>
   <div class='ocr_carea' id='block_1_112' title="bbox 1916 5164 3493 5231">
    <p class='ocr_par' dir='ltr' id='par_1_112' title="bbox 1916 5164 3493 5231">
     <span class='ocr_line' id='line_1_112' title="bbox 1916 5164 3493 5231; baseline -0.006 -9"><span class='ocrx_word' id='word_1_740' title='bbox 1916 5168 2153 5229; x_wconf 86' lang='lat' dir='ltr'><strong>simus.l.</strong></span> <span class='ocrx_word' id='word_1_741' title='bbox 2188 5183 2221 5220; x_wconf 86' lang='grc' dir='ltr'><strong>ιι</strong></span> <span class='ocrx_word' id='word_1_742' title='bbox 2256 5167 2326 5219; x_wconf 88' lang='lat' dir='ltr'><strong>De</strong></span> <span class='ocrx_word' id='word_1_743' title='bbox 2358 5166 2532 5231; x_wconf 80' lang='lat' dir='ltr'><strong>festis,</strong></span> <span class='ocrx_word' id='word_1_744' title='bbox 2568 5181 2617 5219; x_wconf 91' lang='lat' dir='ltr'><strong>c.</strong></span> <span class='ocrx_word' id='word_1_745' title='bbox 2647 5165 2699 5218; x_wconf 85' lang='lat'><strong>6.</strong></span> <span class='ocrx_word' id='word_1_746' title='bbox 2730 5164 2968 5219; x_wconf 76' lang='lat' dir='ltr'><strong>Consule</strong></span> <span class='ocrx_word' id='word_1_747' title='bbox 2998 5164 3166 5217; x_wconf 86' lang='lat' dir='ltr'><strong>etiam</strong></span> <span class='ocrx_word' id='word_1_748' title='bbox 3220 5164 3493 5217; x_wconf 79' lang='lat' dir='ltr'><strong>Adaman-</strong></span> 
     </span>
    </p>
   </div>
   <div class='ocr_carea' id='block_1_113' title="bbox 1916 5255 3487 5321">
    <p class='ocr_par' dir='ltr' id='par_1_113' title="bbox 1916 5255 3487 5321">
     <span class='ocr_line' id='line_1_113' title="bbox 1916 5255 3487 5321; baseline -0.003 -11"><span class='ocrx_word' id='word_1_749' title='bbox 1916 5274 2044 5312; x_wconf 89' lang='lat' dir='ltr'><strong>num</strong></span> <span class='ocrx_word' id='word_1_750' title='bbox 2080 5258 2304 5313; x_wconf 90' lang='lat' dir='ltr'><strong>Scotum</strong></span> <span class='ocrx_word' id='word_1_751' title='bbox 2340 5257 2612 5321; x_wconf 84' lang='lat' dir='ltr'><strong>abbatem,</strong></span> <span class='ocrx_word' id='word_1_752' title='bbox 2654 5257 2717 5309; x_wconf 86' lang='lat' dir='ltr'><strong>de</strong></span> <span class='ocrx_word' id='word_1_753' title='bbox 2747 5256 2853 5310; x_wconf 87' lang='lat' dir='ltr'><strong>situ</strong></span> <span class='ocrx_word' id='word_1_754' title='bbox 2914 5255 3092 5309; x_wconf 67' lang='lat' dir='ltr'><strong>Terrae</strong></span> <span class='ocrx_word' id='word_1_755' title='bbox 3125 5263 3349 5320; x_wconf 56' lang='lat' dir='ltr'><strong>sanctae,</strong></span> <span class='ocrx_word' id='word_1_756' title='bbox 3385 5269 3487 5306; x_wconf 89' lang='lat' dir='ltr'><strong>nu-</strong></span> 
     </span>
    </p>
   </div>
   <div class='ocr_carea' id='block_1_114' title="bbox 1915 5344 3483 5417">
    <p class='ocr_par' dir='ltr' id='par_1_114' title="bbox 1915 5344 3483 5417">
     <span class='ocr_line' id='line_1_114' title="bbox 1915 5344 3483 5417; baseline -0.002 -15"><span class='ocrx_word' id='word_1_757' title='bbox 1915 5364 2009 5417; x_wconf 90' lang='lat' dir='ltr'><strong>pcr</strong></span> <span class='ocrx_word' id='word_1_758' title='bbox 2037 5366 2064 5402; x_wconf 88' lang='lat' dir='ltr'><strong>a</strong></span> <span class='ocrx_word' id='word_1_759' title='bbox 2092 5350 2247 5403; x_wconf 90' lang='lat' dir='ltr'><strong>nobis</strong></span> <span class='ocrx_word' id='word_1_760' title='bbox 2281 5349 2512 5409; x_wconf 90' lang='lat' dir='ltr'><strong>editum,</strong></span> <span class='ocrx_word' id='word_1_761' title='bbox 2551 5348 2585 5399; x_wconf 93' lang='grc'>1.</span> <span class='ocrx_word' id='word_1_762' title='bbox 2619 5362 2702 5409; x_wconf 85' lang='lat' dir='ltr'><strong>Ill,</strong></span> <span class='ocrx_word' id='word_1_763' title='bbox 2740 5347 2830 5400; x_wconf 88' lang='lat' dir='ltr'><strong>ubi</strong></span> <span class='ocrx_word' id='word_1_764' title='bbox 2870 5347 3007 5400; x_wconf 87' lang='lat' dir='ltr'><strong>mira</strong></span> <span class='ocrx_word' id='word_1_765' title='bbox 3037 5346 3103 5399; x_wconf 89' lang='lat' dir='ltr'><strong>de</strong></span> <span class='ocrx_word' id='word_1_766' title='bbox 3149 5345 3388 5408; x_wconf 80' lang='lat' dir='ltr'><strong>quadam</strong></span> <span class='ocrx_word' id='word_1_767' title='bbox 3425 5344 3483 5400; x_wconf 90' lang='lat' dir='ltr'><strong>S.</strong></span> 
     </span>
    </p>
   </div>
   <div class='ocr_carea' id='block_1_115' title="bbox 1915 5443 2673 5513">
    <p class='ocr_par' dir='ltr' id='par_1_115' title="bbox 1915 5443 2673 5513">
     <span class='ocr_line' id='line_1_115' title="bbox 1915 5443 2673 5513; baseline -0.009 -14"><span class='ocrx_word' id='word_1_768' title='bbox 1915 5443 2128 5513; x_wconf 82' lang='lat' dir='ltr'><strong>Georgii</strong></span> <span class='ocrx_word' id='word_1_769' title='bbox 2158 5444 2391 5512; x_wconf 86' lang='lat' dir='ltr'><strong>imagine</strong></span> <span class='ocrx_word' id='word_1_770' title='bbox 2417 5444 2673 5508; x_wconf 85' lang='lat' dir='ltr'><strong>reperies.</strong></span> 
     </span>
    </p>
   </div>
   <div class='ocr_carea' id='block_1_116' title="bbox 1981 5532 3478 5603">
    <p class='ocr_par' dir='ltr' id='par_1_116' title="bbox 1981 5532 3478 5603">
     <span class='ocr_line' id='line_1_116' title="bbox 1981 5532 3478 5603; baseline -0.003 -12"><span class='ocrx_word' id='word_1_771' title='bbox 1981 5538 2061 5593; x_wconf 91' lang='lat' dir='ltr'><strong>Ib.</strong></span> <span class='ocrx_word' id='word_1_772' title='bbox 2106 5536 2393 5603; x_wconf 86' lang='lat' dir='ltr'><strong>Peripaton</strong></span> <span class='ocrx_word' id='word_1_773' title='bbox 2451 5534 2792 5589; x_wconf 79' lang='lat' dir='ltr'><strong>couunodius</strong></span> <span class='ocrx_word' id='word_1_774' title='bbox 2840 5548 2944 5587; x_wconf 91' lang='lat' dir='ltr'><strong>non</strong></span> <span class='ocrx_word' id='word_1_775' title='bbox 3004 5543 3186 5588; x_wconf 80' lang='lat' dir='ltr'><strong>\ertes</strong></span> <span class='ocrx_word' id='word_1_776' title='bbox 3236 5548 3397 5601; x_wconf 84' lang='lat' dir='ltr'><strong>quam</strong></span> <span class='ocrx_word' id='word_1_777' title='bbox 3430 5532 3478 5587; x_wconf 90' lang='lat' dir='ltr'><strong>si</strong></span> 
     </span>
    </p>
   </div>
   <div class='ocr_carea' id='block_1_117' title="bbox 1913 5622 3484 5695">
    <p class='ocr_par' dir='ltr' id='par_1_117' title="bbox 1913 5622 3484 5695">
     <span class='ocr_line' id='line_1_117' title="bbox 1913 5622 3484 5695; baseline -0.003 -15"><span class='ocrx_word' id='word_1_778' title='bbox 1913 5627 2321 5695; x_wconf 81' lang='lat' dir='ltr'><strong>processiouem</strong></span> <span class='ocrx_word' id='word_1_779' title='bbox 2362 5634 2538 5678; x_wconf 84' lang='lat' dir='ltr'><strong>vertas</strong></span> <span class='ocrx_word' id='word_1_780' title='bbox 2576 5641 2587 5676; x_wconf 94' lang='lat'><strong>:</strong></span> <span class='ocrx_word' id='word_1_781' title='bbox 2640 5636 2721 5677; x_wconf 85' lang='lat' dir='ltr'><strong>cst</strong></span> <span class='ocrx_word' id='word_1_782' title='bbox 2745 5624 2890 5677; x_wconf 91' lang='lat' dir='ltr'><strong>enim</strong></span> <span class='ocrx_word' id='word_1_783' title='bbox 2937 5623 2987 5677; x_wconf 90' lang='lat' dir='ltr'><strong>id</strong></span> <span class='ocrx_word' id='word_1_784' title='bbox 3032 5624 3175 5692; x_wconf 85' lang='lat' dir='ltr'><strong>quod</strong></span> <span class='ocrx_word' id='word_1_785' title='bbox 3224 5622 3484 5677; x_wconf 85' lang='lat' dir='ltr'><strong>Germani</strong></span> 
     </span>
    </p>
   </div>
   <div class='ocr_carea' id='block_1_118' title="bbox 1910 5712 3485 5783">
    <p class='ocr_par' dir='ltr' id='par_1_118' title="bbox 1910 5712 3485 5783">
     <span class='ocr_line' id='line_1_118' title="bbox 1910 5712 3485 5783; baseline 0.002 -16"><span class='ocrx_word' id='word_1_786' title='bbox 1910 5726 2105 5770; x_wconf 82' lang='lat' dir='ltr'><strong>vocant</strong></span> <span class='ocrx_word' id='word_1_787' title='bbox 2133 5718 2231 5769; x_wconf 85' lang='lat' dir='ltr'><strong>den</strong></span> <span class='ocrx_word' id='word_1_788' title='bbox 2267 5716 2544 5783; x_wconf 85' lang='lat' dir='ltr'><strong>umbgang.</strong></span> <span class='ocrx_word' id='word_1_789' title='bbox 2569 5712 2713 5778; x_wconf 31' lang='lat' dir='ltr'><strong>.Vide.</strong></span> <span class='ocrx_word' id='word_1_790' title='bbox 2747 5731 2865 5783; x_wconf 73' lang='lat' dir='ltr'><strong>qua:</strong></span> <span class='ocrx_word' id='word_1_791' title='bbox 2907 5715 3007 5767; x_wconf 87' lang='lat' dir='ltr'><strong>hac</strong></span> <span class='ocrx_word' id='word_1_792' title='bbox 3060 5716 3126 5767; x_wconf 89' lang='lat' dir='ltr'><strong>de</strong></span> <span class='ocrx_word' id='word_1_793' title='bbox 3157 5730 3212 5768; x_wconf 89' lang='lat' dir='ltr'><strong>re</strong></span> <span class='ocrx_word' id='word_1_794' title='bbox 3244 5714 3485 5771; x_wconf 77' lang='lat' dir='ltr'><strong>diximus</strong></span> 
     </span>
    </p>
   </div>
   <div class='ocr_carea' id='block_1_119' title="bbox 1912 5804 3489 5879">
    <p class='ocr_par' dir='ltr' id='par_1_119' title="bbox 1912 5804 3489 5879">
     <span class='ocr_line' id='line_1_119' title="bbox 1912 5804 3489 5879; baseline -0.004 -12"><span class='ocrx_word' id='word_1_795' title='bbox 1912 5815 1946 5867; x_wconf 94' lang='lat' dir='ltr'><strong>l.</strong></span> <span class='ocrx_word' id='word_1_796' title='bbox 1976 5829 1987 5867; x_wconf 98' lang='lat' dir='ltr'><strong>l</strong></span> <span class='ocrx_word' id='word_1_797' title='bbox 2018 5810 2089 5865; x_wconf 81' lang='lat' dir='ltr'><strong>De</strong></span> <span class='ocrx_word' id='word_1_798' title='bbox 2116 5813 2284 5866; x_wconf 77' lang='lat' dir='ltr'><strong>sacris</strong></span> <span class='ocrx_word' id='word_1_799' title='bbox 2318 5808 2786 5879; x_wconf 71' lang='lat' dir='ltr'><strong>proct&#39;ssionibtts,</strong></span> <span class='ocrx_word' id='word_1_800' title='bbox 2820 5822 2867 5861; x_wconf 92' lang='lat' dir='ltr'><strong>c.</strong></span> <span class='ocrx_word' id='word_1_801' title='bbox 2903 5807 2947 5859; x_wconf 89' lang='grc' dir='ltr'><strong>Ι.</strong></span> <span class='ocrx_word' id='word_1_802' title='bbox 2976 5804 3171 5859; x_wconf 66' lang='lat' dir='ltr'><strong>Junius</strong></span> <span class='ocrx_word' id='word_1_803' title='bbox 3203 5815 3254 5859; x_wconf 89' lang='lat' dir='ltr'><strong>et</strong></span> <span class='ocrx_word' id='word_1_804' title='bbox 3279 5806 3489 5875; x_wconf 77' lang='lat' dir='ltr'><strong>ubique</strong></span> 
     </span>
    </p>
   </div>
  </div>
