4252 6444
821 311 916 376 351

1895 325 1976 384 ΙΝ
2016 330 2314 392 LIBRUM
2348 334 2442 393 DE
2473 334 2797 399 OFFICIIS
2837 343 2943 403 Cl‘.

3928 363 4031 425 39

822 430 1054 482 ambulat
1083 441 1136 483 et
1163 432 1547 489 ambulationes
1580 442 1833 505 somniat,
1868 456 1924 497 ut
1954 460 2157 519 mqrem
2188 464 2369 501 sacra~
2401 458 2439 510 Α
2473 452 2584 517 γῶν
2619 454 2754 515 loco,
2787 456 3003 513 duobus
3036 461 3193 514 caecis
3244 460 3373 515 illuc
3417 476 3671 520 monente
3707 470 3764 521 B.
3826 473 4034 541 virgine

824 537 941 573 rum
998 526 1429 592 processionum,
1467 532 1922 601 supplicationum
1974 550 2027 592 et
2066 540 2373 594 litaniarum

824 612 1092 666 obfuscot.
1126 614 1331 672 (Iners.

892 699 973 753 ιθ.
999 700 1228 771 [Attrita
1261 709 1371 763 Hae
1393 725 1523 765 voce
1549 728 1655 765 non
1693 717 1890 769 nullam
1923 718 2374 786 supplicationem,

821 791 917 845 sed
949 793 1089 848 inter
1139 800 1518 854 ambulandum
1578 797 1767 858 factam
1815 809 1930 862 sive
1976 813 2372 877 processionem,

820 885 1118 952 significari
1147 890 1347 945 diserte
1378 904 1743 951 monstratum
1778 903 1939 954 estin
1972 901 2371 975 Eucbologicis.

820 977 1015 1050 Gustu]

895 1069 953 1123 P.
983 1071 1071 1128 70.
1116 1072 1190 1129 De
1244 1076 1474 1146 imagine
1522 1079 1750 1149 Virginis
1790 1081 2121 1153 Hodegetriae
2150 1102 2200 1144 c.
2253 1104 2370 1158 seq.

820 1161 976 1228 plura
1011 1164 1243 1232 ipsemet
1269 1166 1528 1222 Codintts.
1562 1170 1673 1224 Non
1706 1182 1821 1225 erat
1847 1174 2123 1232 ordinario
2146 1178 2199 1231 in
2224 1181 2371 1244 aula,

820 1253 915 1305 sed
972 1256 1025 1308 in
1073 1262 1404 1312 monasterio
1428 1261 1543 1313 τῶν
1574 1262 1736 1334 313
1790 1268 2037 1335 ὁδηγῶνς
2101 1270 2374 1325 ferebatur

822 1352 999 1394 autem
1034 1344 1246 1410 pietatis
1276 1362 1439 1401 causa
1482 1350 1544 1401 ad
1584 1354 1763 1406 aulam
1802 1358 2009 1411 ultimis
2062 1360 2375 1430 Quadrage-

820 1430 969 1483 siina:
994 1433 1206 1498 diebus,
1234 1452 1428 1504 nempe
1459 1439 1588 1494 feria
1624 1445 1709 1497 illa
1736 1446 1921 1511 quinta
1952 1463 2071 1516 quae
2122 1462 2368 1505 nostram

820 1519 1154 1577 Dominicam
1171 1526 1359 1579 Judica
1390 1531 1659 1584 antecedit
1675 1550 1689 1587 :
1724 1536 2082 1606 manebatque
2101 1541 2151 1591 in
2176 1540 2370 1606 palatio

822 1626 996 1680 usque
1028 1614 1093 1667 ad
1122 1620 1412 1671 secundam
1450 1620 1641 1675 feriam
1672 1624 1997 1693 Pascliatis;
2031 1646 2138 1700 quo
2169 1633 2256 1688 die
2284 1650 2371 1688 re-

821 1704 1096 1758 ferebatur
1125 1706 1177 1759 in
1213 1713 1601 1765 monasterium
1630 1725 1684 1769 et
1717 1718 1971 1786 templum
2004 1722 2110 1772 τῶν
2140 1723 2365 1792 ὁδηγῶν.

817 1792 913 1846 Est
942 1794 1054 1849 haec
1085 1796 1285 1866 imago,
1327 1803 1391 1855 ad
1424 1818 1607 1870 quam,
1641 1817 1792 1872 capta
1831 1785 1917 1861 ab
1946 1785 2257 1867 Andronico
2282 1814 2368 1882 ju-
2404 1785 2445 1839 Β

818 1885 971 1938 niore
1000 1884 1171 1954 Cpoli,
1214 1890 1559 1947 Andronicus
1609 1896 1791 1949 senior
1840 1900 2067 1968 supplex
2104 1902 2368 1971 confugit.

820 1974 950 2026 Item
1000 1988 1184 2031 narrat
1241 1978 1575 2049 Nicephorus
1624 1985 1913 2054 Gregoras,
1961 1988 1997 2042 l.
2038 2005 2112 2054 tx,
2159 2008 2211 2058 p.
2267 1992 2370 2047 422

819 2065 992 2120 Bonn.
1039 2068 1173 2123 Cum
1204 2084 1410 2139 autem,
1444 2085 1583 2129 teste
1617 2078 1805 2131 eodem
1841 2079 2103 2148 Gregora,
2151 2082 2220 2134 24
2254 2083 2369 2138 dies

819 2157 939 2212 Maii
970 2172 1218 2229 ageretur
1244 2165 1459 2233 quando
1509 2181 1537 2219 a
1580 2167 1794 2235 juniore
1822 2170 2133 2226 Andronico
2187 2172 2371 2242 Cpolis

816 2260 971 2319 capta
1005 2261 1107 2318 est,
1133 2270 1351 2310 necesse
1374 2269 1455 2311 est
1479 2260 1767 2329 imaginem
1789 2260 2017 2329 Virginis
2040 2262 2371 2332 llodcgetria:

816 2352 969 2395 extra
1006 2343 1251 2398 ordinem
1305 2347 1679 2417 prtcscriptum
1710 2350 1762 2403 in
1797 2353 1998 2418 palatio
2047 2353 2257 2419 fuisse;
2318 2362 2372 2409 et

816 2433 955 2487 forte
986 2435 1323 2491 Andronicus
1378 2439 1559 2493 senior
1598 2440 1903 2497 defectione
1946 2444 2035 2498 illa
2068 2447 2278 2514 nepotis
2314 2456 2368 2501 et

816 2526 1146 2580 asseclarum
1205 2541 1509 2584 commotus
1561 2546 1676 2585 eam
1708 2533 1761 2587 in
1802 2535 2059 2603 palatium
2092 2538 2269 2593 solatii
2317 2549 2370 2595 et

815 2618 1042 2671 subsidii
1072 2633 1233 2673 causa
1270 2622 1659 2687 apportandam
1709 2637 2016 2681 curaverat.

885 2709 1023 2774 Quid
1053 2712 1413 2766 veneratioais
1451 2714 1675 2768 Michael
1709 2715 2044 2789 PalanIOgus
2075 2720 2367 2788 imperator

815 2802 1034 2871 imagini
1078 2802 1435 2874 llodegczrice,
1484 2809 1725 2877 expulsis
1755 2810 1964 2867 Latinis
2013 2813 2185 2883 Cpoli,
2219 2818 2369 2870 detn-

814 2892 954 2957 lerit,
979 2896 1201 2963 exponit
1226 2894 1496 2966 Gregoras
1529 2898 1564 2952 Ι.
1593 2915 1667 2964 tv,
1700 2916 1752 2967 ι).
1787 2901 1875 2955 8'7.

884 2983 1053 3037 Porro
1095 2988 1352 3053 templum
1390 2989 1499 3041 τῶν
1529 2991 1740 3059 ὁδηγῶν
1767 2994 2053 3050 aedificavit
2084 2997 2368 3053 Pulcheria

812 3078 1148 3147 iniperatrix,
1186 3083 1238 3135 in
1282 3098 1389 3150 quo
1428 3085 1665 3140 divinam
1700 3089 2253 3159 Deiparze‘imaginem
2290 3112 2371 3149 re-
2397 3120 2437 3176 ο

812 3173 1013 3239 posuit,
1058 3188 1220 3240 quam
1258 3173 1435 3229 Lucas
1468 3180 1804 3246 evangelista
1844 3181 1894 3235 in
1954 3183 2137 3239 tabula
2185 3186 2371 3256 depic-

812 3271 917 3315 tam
950 3264 1189 3330 reliquit,
1225 3274 1281 3319 ut
1316 3267 1388 3319 ait
1435 3263 1796 3337 Nicephorus,
1824 3288 1932 3335 xtv,
1963 3275 2015 3330 2.

880 3354 1016 3409 Cum
1056 3355 1303 3411 lsaacutn
1334 3359 1598 3429 Angelnm
1630 3362 1760 3430 imp.
1787 3364 2129 3432 Cpolitanum
2167 3368 2369 3423 Branas

809 3458 961 3503 arcte
982 3447 1278 3512 obsideret,
1306 3450 1602 3519 imperator
1628 3453 1722 3507 Dei
1754 3452 2031 3511 Geaitricia
2060 3461 2365 3529 imaginem,

808 3555 922 3607 qna:
948 3539 1011 3591 ab
1051 3538 1284 3611 Ilodegio
1316 3544 1635 3597 monasterio
1656 3544 1973 3615 Hodegetria
2009 3564 2363 3619 nuncupatur,

808 3632 863 3681 in
913 3633 1101 3683 moenia
1159 3649 1253 3700 pro
1308 3632 1446 3686 vallo
1505 3635 1898 3705 inexpugnabili
1953 3642 2246 3707 transtulit,
2312 3654 2368 3697 ut

808 3722 1000 3775 srribit
1060 3722 1273 3779 Nicetas
1337 3725 1630 3780 Cltoniates
1703 3727 1740 3779 Ι.
1791 3744 1805 3780 ι
1865 3727 1937 3781 De
1992 3732 2149 3783 rebus
2204 3734 2368 3798 gestis

809 3813 978 3867 Isaaci
1036 3815 1245 3883 Angeli.
1326 3816 1433 3870 Nec
1468 3818 1689 3882 frustra,
1740 3827 1800 3872 ut
1839 3818 1975 3873 felix
2028 3822 2211 3876 exitus
2272 3824 2367 3877 de-

804 3906 1048 3959 claravit.

881 3996 947 4050 Ut
980 3999 1367 4067 jusjurandum
1401 4016 1467 4054 eo
1509 4001 1715 4055 firmius
1755 4011 1922 4065 esset,
1958 4004 2125 4058 voluit
2155 4007 2367 4059 Andro-

805 4105 962 4143 tt'cus
997 4093 1180 4145 senior
1208 4094 1506 4161 imperator
1540 4095 1643 4149 sibi
1680 4095 1811 4149 illud
1850 4097 1967 4150 dari
2020 4113 2051 4151 a
2102 4097 2364 4154 Micltaele

802 4182 1062 4247 Catltaro,
1097 4194 1289 4252 nepote
1318 4199 1439 4250 suo,
1484 4200 1667 4240 coram
1720 4198 2076 4243 sacrosancta
2130 4193 2363 4259 imagine

804 4274 1123 4328 castissima:
1179 4276 1270 4328 Dei
1327 4275 1617 4331 Genitricis
1676 4276 2032 4347 llodegetriae,
2094 4284 2365 4337 utscribit

801 4365 1094 4434 G'egoras,
1125 4369 1156 4420 Ι.
1193 4384 1309 4422 vni.
1353 4368 1730 4439 Hodegetriam
1766 4387 1929 4440 porro
1968 4374 2360 4442 interpretatur

802 4456 1030 4512 Wolfius
1044 4460 1138 4512 vite
1153 4463 1575 4515 monstralricem
1599 4478 1694 4516 seu
1712 4445 2019 4518 duciricem.
2041 4465 2248 4520 Gnsrs.

872 4550 1008 4603 Ibid.
1045 4549 1209 4622 [Vere
1227 4555 1443 4620 quidem
1466 4554 1748 4610 Gretserus
1778 4558 1877 4626 τὴν
1906 4560 2084 4611 εἰκόνα
2106 4560 2204 4629 τῆς
2241 4560 2359 4611 θεο-

801 4644 1062 4711 μήτορος,
1099 4645 1222 4713 ἥτις
1252 4646 1313 4697 ἐκ
1366 4646 1465 4711 τῆς
1514 4648 1620 4698 τῶν
1654 4649 1898 4717 Ὀδηγῶν
1932 4654 2097 4718 μονῆς
2130 4651 2264 4703 καθ’
2294 4652 2359 4721 ῆν

801 4736 1293 4804 προσκεκλήρωται
1360 4736 1721 4807 Ὀδηγήτριαν
1782 4741 2227 4811 προσκεκλῆσθαι
2277 4759 2362 4797 re-

798 4829 903 4880 fert
929 4843 997 4895 ex
1022 4827 1205 4883 Niceta
1236 4829 1289 4881 in
1321 4830 1525 4885 lsaacio
1546 4832 1750 4901 Angelo
1782 4832 1816 4885 Ι.
1845 4848 1858 4885 l
1887 4849 1902 4896 ;
1955 4834 2199 4887 eamdem
2230 4850 2361 4889 vero

798 4930 1137 4984 asserturus,
1195 4920 1261 4975 ad
1314 4937 1478 4991 quam
1536 4924 1676 4977 bello
1732 4939 1955 4992 pressus
2006 4934 2058 4979 et
2114 4938 2362 4995 anepote

786 5021 990 5079 captus
1019 5013 1203 5067 senior
1248 5013 1592 5068 Andronicus
1624 5014 1948 5084 confugerit,
1983 5026 2041 5069 ut
2092 5032 2211 5071 eam
2247 5032 2364 5071 am-

794 5104 991 5171 plexus
1031 5102 1154 5156 vit-.e
1191 5103 1564 5174 libertatisque
1606 5105 2001 5159 immunitatem
2038 5122 2360 5172 assequere-

796 5202 910 5253 tur,
937 5206 994 5245 se
1028 5201 1240 5245 tantum
1268 5204 1486 5247 auctore
1514 5204 1565 5246 et
1601 5202 1733 5247 teste
1780 5194 1956 5247 firmat
1986 5195 2274 5270 _Grctserus
2301 5208 2362 5248 ac

795 5283 1247 5339 nonnisidubius
1279 5285 1633 5338 vaticinatur.
1689 5284 1873 5338 Satius
1927 5300 2045 5340 eam
2104 5286 2357 5349 dixisset,

796 5390 938 5441 quae,
975 5375 1240 5430 referente
1276 5376 1560 5429 Vincentio
1590 5376 1640 5429 in
1675 5376 1832 5445 Spec.
1889 5376 2027 5431 llist.
2085 5378 2174 5440 25,
2234 5378 2357 5441 H7,

793 5466 897 5520 siib
927 5465 1107 5520 Leone
1130 5467 1317 5521 Isauro
1352 5483 1445 5535 per
1472 5483 1657 5522 muros
1703 5469 1850 5523 urbis
1900 5469 2002 5523 CP.
2034 5469 2194 5525 dueta
2257 5472 2362 5522 Ioe-

788 5559 921 5610 dum
980 5558 1268 5611 Saracenis
1318 5574 1436 5612 eam
1504 5561 1691 5615 urbem
1752 5560 2129 5635 obsidentibus
2181 5562 2363 5614 intulit

792 5650 1164 5719 naufragium,
1212 5650 1546 5718 ὁδηγήτριαν
1596 5651 1863 5719 siquidem
1924 5650 2087 5703 refert
2135 5667 2160 5704 a
2217 5652 2359 5706 Luca

792 5761 919 5799 cum
947 5742 1273 5812 puero-lusu
1308 5744 1451 5799 ulnis
1483 5754 1687 5813 gestata
1712 5744 2005 5811 depictam,
2034 5759 2093 5798 ac
2121 5746 2172 5798 in
2209 5746 2361 5816 '06:;-

2479 544 2545 595 ad
2586 545 2758 599 visum
2791 548 3155 616 recipiendum
3191 553 3457 617 deductis,
3494 559 3743 625 religiose
3774 564 4030 627 positam.

2478 634 2745 690 Audacior
2779 640 3066 710 adjungatu
3104 645 3347 697 eamdem
3379 662 3498 715 qua:
3526 648 3758 703 Heraclii
3790 662 4034 716 tempore

2477 740 2505 777 a
2539 724 2725 795 Sergio
2757 732 3008 797 pontifice
3036 731 3143 787 ΟΡ.
3192 749 3288 802 per
3316 752 3505 793 muros
3532 741 3848 794 circumlata
3894 740 4031 812 Scy-

2477 819 2599 870 tlnts
2634 816 2701 870 ab
2726 818 2804 872 eis
2828 818 3154 876 miraculose
3186 824 3392 891 depulit
3423 840 3437 876 :
3479 828 3691 894 qualem
3731 832 3877 884 enim
3907 832 4035 900 ὁδη-

2476 906 2711 976 γήτριαν
2750 908 3087 975 Vincen:ius.
3125 916 3267 970 hanc
3327 931 3547 985 quoque
3579 918 3844 975 describit
3896 937 4032 974 ano-

2474 1010 2672 1066 nymus
2706 1000 2857 1055 brevi
2882 1002 3077 1067 publici
3104 1004 3241 1072 juris
3268 1021 3295 1058 a
3327 1017 3480 1075 patre
3502 1005 3791 1063 Cumbefis.
3826 1013 4031 1065 facien-

2473 1088 2597 1144 dus.
2653 1089 2880 1159 Σέργιος
2909 1093 2965 1144 δὲ
3000 1097 3027 1147 ὀ
3062 1096 3322 1165 ἱεράρχης
3348 1098 3446 1159 τὰς
3490 1100 3638 1169 ἱερὰς
3677 1101 3896 1164 εἰκόνας
3934 1103 4031 1167 τῆς

2476 1175 2823 1248 θεομήτορος,
2852 1176 2937 1242 αἷς
2970 1184 3202 1251 μάλιστα
3231 1188 3321 1238 καὶ
3366 1186 3568 1257 βρέφος
3600 1190 3628 1241 6
3661 1190 3852 1258 Σωτὴρ
3890 1192 4002 1255 lict

2475 1269 2742 1328 κονισθεὶς
2770 1273 2827 1322 ἐν
2846 1273 3111 1338 ἀγκάλαις
3141 1277 3239 1345 τῆς
3261 1278 3464 1347 μητρὸς
3493 1280 3802 1347 ἐξεφέρετο,
3827 1282 4033 1343 ταύτας

2474 1356 2654 1409 λαϐὼν
2720 1365 2935 1432 περιῄει
2986 1366 3054 1416 τὰ
3104 1367 3279 1435 τείχη.
3330 1368 3690 1438 Ὀδηγητρίας
3746 1381 3914 1433 certe,
3977 1385 4033 1425 ut

2474 1447 2869 1516 antiquissima,
2908 1454 2952 1507 si
2987 1469 3017 1507 a
3042 1456 3186 1508 Luca
3227 1458 3521 1521 delineata,
3577 1460 3739 1511 etiam
3793 1475 4023 1528 puerum

2471 1535 2656 1590 Jesnm
2685 1540 2824 1594 ulnis
2854 1545 3338 1613 complectebatur.
3377 1550 3451 1605 De
3498 1550 3662 1604 simili
3691 1551 3743 1603 in
3773 1550 4033 1604 Blacber-

2473 1630 2625 1683 nensi
2659 1634 2855 1697 templo
2886 1648 2914 1687 a
2948 1635 3191 1691 Romano
3213 1641 3422 1709 Argyro
3481 1649 3695 1707 reperta
3724 1639 4029 1695 Ce-lrenum

2472 1719 2821 1775 disserentem
2858 1722 3100 1796 perlegej
3126 1727 3321 1800 Goan.]

2961 1840 3120 1909 317
3156 1834 3382 1898 CAPUT
3416 1844 3531 1900 vn.

2478 1923 2946 2006 Observationeset
2961 1934 3339 2006 explicationes
3388 1938 3441 2006 in
3476 1954 3522 1989 ε.
3553 1938 3639 1999 12,
3666 1937 3813 2006 quod
3857 1946 3934 1987 est
3968 1937 4031 1990 de

2830 2001 3003 2066 ofﬁcio
3054 2018 3253 2069 magna:
3279 2004 3631 2061 hebdomadtr.

2545 2085 2607 2141 P.
2643 2087 2727 2141 70.
2759 2087 2968 2158 Magaw
2988 2092 3317 2147 hedontadw.
3357 2094 3699 2158 Quibusdam
3734 2104 3928 2173 religio
3950 2117 4035 2160 est

2475 2177 2657 2231 dicere
2712 2180 3034 2234 hebdomada
3090 2183 3448 2240 hebdomadas.
3499 2188 3604 2241 Sed
3636 2190 3749 2246 haec
3775 2196 3966 2263 religio
4003 2212 4031 2250 a

2476 2269 2860 2335 superstitione
2886 2287 3074 2339 parum
3097 2273 3229 2327 abit.
3249 2275 3533 2330 Ascribam
3584 2280 3670 2335 bic
3696 2283 3860 2337 verba
3874 2286 4037 2338 scho-

2476 2357 2648 2412 liasta:
2701 2361 2966 2415 librorum
3002 2362 3076 2415 De
3105 2367 3337 2419 avaritia
3368 2367 3609 2425 Salviaui
3646 2372 4032 2441 Massiliensis,

2476 2451 2540 2502 atl
2570 2451 2697 2505 illud
2727 2452 3033 2521 lampadam
3053 2465 3218 2511 tuam.
3258 2457 3338 2514 Ne
3366 2464 3481 2529 quia
3507 2464 3641 2532 forte
3662 2478 3803 2535 putet
3839 2472 4027 2523 uitium

2474 2556 2581 2595 esse
2608 2544 2663 2594 in
2696 2544 2795 2595 hac
2826 2544 3064 2609 lectione,
3090 2558 3137 2599 et
3174 2551 3521 2614 reponendum
3547 2554 3872 2625 lampadem,
3910 2578 4031 2615 rno-

2475 2642 2567 2678 neo
2602 2629 2899 2693 lampadem
2949 2650 3149 2702 quoque
3204 2637 3706 2698 dicianominatiro
3756 2649 4031 2716 lampada.

2474 2714 2564 2769 Sic
2614 2717 3194 2776 ltebdomada‘Latina
3236 2729 3627 2797 terminatione,
3685 2751 3799 2804 quat
3827 2714 4032 2794 Grecis

2475 2806 2786 2863 ltebdomas.
2815 2811 3015 2868 Gaers.

2538 2899 2630 2965 Ib.
2680 2901 2947 2959 Meursius
2994 2908 3287 2962 admodum
3339 2912 3502 2966 anxie
3535 2924 3718 2971 monet
3770 2934 3837 2973 ne
3882 2924 4035 2989 quis,

2474 3005 2596 3044 cum
2621 2992 2770 3048 audit
2793 3003 3026 3063 quatuor
3060 2996 3349 3069 Evangelia
3381 3002 3517 3057 lecta
3545 3021 3688 3072 esse,
3720 3011 4038 3080 suspicetur

2475 3082 2787 3137 tetrabiblon
2834 3084 3268 3157 Evangeliorum,
3332 3094 3431 3148 hoc
3462 3106 3546 3150 est
3600 3100 3747 3167 ipsos
3790 3102 4037 3172 integros

2472 3182 2704 3240 quatuor
2748 3173 3161 3245 Evangeliorum
3200 3187 3621 3241 commentarios
3672 3190 3841 3245 lectos
3865 3209 4034 3262 esse;

2472 3266 2613 3333 quod
2666 3267 2828 3321 nimis
2883 3270 3105 3339 longum
3148 3272 3360 3329 fuisset.
3405 3277 3587 3347 Itaque
3606 3281 3901 3339 articulum
3934 3289 4030 3352 τά.

2472 3357 2815 3425 praepositum
2859 3362 3123 3416 vocabulo
3158 3364 3421 3436 τέσσαρα,
3447 3372 3697 3426 exsulare
3722 3374 3898 3443 jubet.
3926 3376 4035 3433 Sed

2472 3445 2515 3497 si
2543 3445 2852 3501 Graecorum
2880 3450 3105 3506 rituales
3136 3453 3303 3510 libros
3334 3458 3655 3528 diligentius
3683 3463 4032 3535 inspexisset,

2472 3538 2628 3591 aliter
2676 3552 2806 3607 puto
2853 3556 3019 3611 super
3078 3545 3179 3601 hac
3204 3563 3262 3602 re
3311 3555 3742 3617 pronuntiasset.
3783 3558 3858 3613 Ita
3883 3564 4033 3616 enim

2470 3626 2731 3696 Typicum
2764 3631 2917 3686 Saba:
2950 3648 3001 3687 c.
3029 3635 3096 3689 58
3119 3674 3135 3699 ,
3167 3652 3333 3707 agens
3364 3640 3431 3694 de
3456 3642 3556 3697 hac
3588 3659 3796 3715 magna
3831 3649 4037 3703 liebdo.

2470 3716 2643 3772 tnadis
2715 3719 2850 3774 feria
2926 3725 3203 3782 secunda:
3292 3729 3755 3798 Ἀναγινώσκεται
3827 3738 3887 3791 δὲ
3966 3741 4029 3792 τὸ

2466 3810 2949 3876 τετραευαγγέλιον
2993 3817 3057 3884 τῇ
3091 3813 3155 3885 β’,
3182 3820 3247 3887 τῇ
3272 3826 3320 3887 γ’
3344 3822 3439 3873 καὶ
3464 3826 3528 3893 τῇ
3551 3824 3614 3888 δ’,
3658 3828 3752 3879 καὶ
3785 3829 4031 3899 πληροῦν

2466 3913 2577 3949 ται.
2604 3897 2684 3952 Ne
2713 3911 2895 3955 autem
2951 3907 3252 3973 suspiceris
3303 3920 3511 3965 tantum
3547 3925 3754 3983 partem
3783 3897 4026 3987 aliquam

2466 4003 2532 4041 ex
2588 4002 2821 4057 quatuor
2860 3994 3168 4067 Evangeliis
3201 4000 3395 4054 lectam
3433 4018 3577 4071 esse,
3619 4007 3745 4062 audi
3782 4010 4032 4078 ejusdem

2467 4078 2650 4150 Typici
2682 4093 2954 4139 auctorem
2974 4088 3158 4142 eodem
3186 4090 3338 4144 loco:
3372 4092 3583 4147 Εἰδέναι
3612 4097 3668 4149 δὲ
3702 4099 3807 4170 χρὴ
3853 4101 3936 4153 ὅτι
3972 4103 4033 4159 τὸ

2467 4170 2607 4223 κατὰ
2626 4173 2899 4226 Ματθατον
2915 4175 3069 4243 ἆγιον
3084 4179 3407 4246 εὐαγγέλιον
3424 4182 3545 4235 ὅλον
3568 4185 4029 4252 ἀναγινώσκεται·

2464 4262 2658 4329 ὁμοίως
2675 4265 2763 4315 καὶ
2793 4266 2853 4317 τὸ
2876 4268 3014 4319 κατὰ
3033 4268 3250 4340 Μάριον
3266 4272 3359 4323 καὶ
3382 4272 3441 4347 to
3463 4275 3602 4327 κατὰ
3627 4277 3860 4333 Λουκᾶν.
3886 4280 3961 4333 Τὸ
3976 4283 4033 4334 δὲ

2465 4354 2604 4405 κατὰ
2646 4354 2895 4426 Ἰωάννην
2935 4359 3364 4426 ἀναγινώσκεται
3411 4366 3535 4433 ἄχρι
3571 4368 3670 4435 τῆς
3710 4372 3885 4440 ἀρχῆς
3922 4374 4035 4426 τῶν

2387 4440 2435 4498 D
2460 4445 2631 4513 ἁγίων
2662 4447 2867 4502 παθῶν.
2904 4448 3357 4518 Ἀναγινώσκεται
3380 4456 3436 4507 δὲ
3453 4456 3605 4521 οὗτος
3625 4462 3680 4511 ὲν
3697 4466 3814 4523 ταῖς
3851 4466 4036 4533 τρισὶν

2465 4537 2701 4604 ἡμέραις
2750 4539 2913 4607 ἤγουν
2964 4541 3030 4611 β’,
3064 4542 3112 4610 γ’
3149 4542 3429 4597 καὶδηκαὶ
3478 4549 3884 4619 πληροῦνταιὲν
3914 4560 4035 4619 ταῖς

2463 4626 2654 4694 ὥραις·
2685 4630 2888 4695 γίνεται
2918 4631 2974 4684 δὲ
3006 4633 3065 4684 τὸ
3090 4636 3231 4687 κατὰ
3283 4638 3498 4691 Λουκᾶν
3516 4641 3851 4708 ἀναγνώσεις
3875 4652 3944 4712 γ’,
3966 4649 4037 4701 τὰ

2461 4718 2505 4770 δ’
2525 4720 2657 4774 ἄλλα
2684 4722 2791 4775 ἀπὸ
2830 4725 3100 4794 δευτέρου.
3132 4727 3299 4796 Ὀμοῦ
3334 4730 3666 4798 ἀναγνώσεις
3683 4734 3746 4800 θ’,
3767 4738 3858 4790 καὶ
3880 4736 4037 4809 ὥρας

2464 4810 2528 4876 0',
2570 4812 2661 4864 καὶ
2701 4814 2864 4866 πλέον
2893 4816 3063 4870 οὐδέν.
3126 4818 3202 4873 Ex
3233 4821 3316 4875 his
3342 4822 3450 4891 jam
3494 4821 3763 4881 Meursius
3793 4843 3899 4882 non
3929 4830 4038 4885 Co-

2462 4902 2673 4970 dinnm,
2695 4906 2786 4959 sed
2824 4923 2921 4961 sua
2944 4911 3233 4965 emendare
3275 4915 3492 4981 poterit.
3513 4914 3575 4967 Et
3607 4917 3652 4970 si
3701 4919 3829 4986 quid
3849 4935 4038 4975 emen-

2463 4994 2697 5051 dandum
2762 5000 2852 5063 sit,
2925 5002 3106 5070 potius
3167 5017 3476 5074 expungam
3530 5007 3661 5061 illud
3704 5012 3771 5078 τῇ
3816 5013 4030 5085 μεγάλῃ

2463 5090 2706 5161 πέμπτῃ.
2748 5092 2873 5160 quia
2900 5109 3089 5162 magna
3116 5094 3246 5149 feria
3306 5097 3493 5164 quinta
3512 5112 3614 5151 non
3642 5100 3917 5169 legebatur
3970 5106 4034 5157 τὸ

2461 5184 2988 5251 τετραευαγγέλιον,
3043 5186 3243 5256 quippe
3304 5189 3445 5256 quod
3516 5191 3850 5258 praecedente
3913 5197 4026 5262 die,

2465 5287 2713 5341 videlicet
2751 5304 2939 5357 magna
2975 5288 3109 5343 feria
3142 5300 3363 5359 quarta,
3395 5291 3507 5360 jam
3542 5294 3852 5350 absolutum
3885 5314 4027 5365 erat,

2467 5384 2524 5429 ut
2551 5393 2614 5429 ex
2642 5375 2845 5447 Typico
2877 5377 3029 5433 Sabaa
3052 5380 3391 5446 audivimus;
3424 5382 3526 5437 nisi
3553 5383 3689 5438 forte
3723 5386 3777 5439 in
3824 5388 4027 5457 palatio

2464 5468 3043 5535 Cpolitanotetrabibli
3069 5472 3229 5526 lectio
3255 5476 3321 5527 ad
3355 5476 3600 5542 quintam
3626 5477 3797 5545 ipsam
3836 5479 4030 5535 feriam

2470 5577 2719 5629 magnam
2775 5564 3181 5617 extenderetur.
3246 5565 3508 5634 Quamvis
3560 5567 3738 5635 ipsum
3796 5586 4031 5640 quoque

2467 5652 2748 5705 Ti-iodiuni
2786 5652 3098 5708 Graecorum
3139 5672 3260 5709 cum
3314 5655 3516 5727 Typico
3552 5658 3706 5713 Saba:
3731 5648 4031 5725 conciliat;

2466 5746 2620 5815 cujus
2640 5745 2753 5800 limo
2780 5755 2903 5800 sunt
2923 5746 3081 5801 verba
3108 5762 3121 5800 :
3147 5744 3359 5818 Legitur
3384 5749 3541 5802 etiam
3575 5753 4036 5820 tetraeuangelium
