4252 6444
220 439 320 502 3.53

1282 435 1659 497 GllETSEltl
1698 434 1790 495 ET
1846 435 2082 496 GOARl
2140 436 2377 498 ΝΟἸἏΕ.

3350 444 3452 507 35ί

218 557 467 618 secunda,
522 556 677 608 tertia
716 566 762 610 et
811 566 1000 626 quarta
1055 555 1208 622 ft'l'ill.
1251 553 1376 610 Ka‘vf
1407 554 1708 626 πληροῦται
1740 563 1786 607 el
1821 564 1859 623 Α
1896 591 1897 595 η

1772 563 1786 605 l
1821 564 1859 623 Α
1896 551 2063 615 solea,
2124 553 2343 606 Calceus.
2384 552 2656 606 Scribitnr
2695 553 2858 606 etiam
2904 553 3216 624 παπούτζη.
3256 553 3451 613 Melior

219 652 506 716 (Ulllpleiur
527 665 615 699 seu
643 650 971 701 terminatur.
1004 648 1207 703 (Slaters.

285 739 433 795 Ibid.
469 737 612 810 [Non
641 741 724 794 his
763 743 926 795 modo
959 741 1250 796 Dominicae
1299 741 1537 810 passioni
1569 757 1775 796 memo-

216 834 403 886 randa;
445 833 674 888 sacratis
739 833 911 896 feriis,
973 847 1128 901 prout
1179 835 1389 887 erudite
1438 823 1776 889 demenstrat

215 927 523 992 (ἐι-σηοως,
558 929 652 983 sed
680 938 730 980 et
763 928 1025 982 continuo
1073 928 1237 982 totius
1265 927 1391 979 anni
1414 929 1591 990 spatio
1627 939 1775 982 tctus

214 1025 447 1085 quatuor
481 1018 933 1086 evangelistarum
979 1028 1160 1078 textus
1211 1018 1264 1071 in
1300 1019 1533 1073 ecclesia
1579 1019 1765 1087 palam

214 1110 430 1176 legitur,
453 1111 594 1179 quod
633 1110 834 1164 diserte
889 1111 973 1165 his
1009 1111 1186 1164 verbis
1233 1109 1486 1166 edisserit
1520 1111 1773 1166 doctissi-

213 1215 332 1256 mus
365 1203 617 1255 Allatius.
645 1202 897 1271 Exceptis
923 1203 1137 1270 magnis
1163 1204 1622 1268 solemnitatibus,
1651 1219 1772 1271 quae

211 1294 486 1360 peculiare
504 1295 605 1346 sibi
632 1306 883 1361 poscunt,
920 1295 1271 1364 Evangelium
1297 1299 1347 1350 in
1390 1298 1614 1364 reliquis
1644 1297 1769 1351 anui

208 1383 403 1437 diebus
473 1384 543 1436 ita
607 1384 1008 1451 dispertiuntur
1058 1385 1252 1449 Graeci,
1305 1397 1362 1440 ut
1412 1389 1575 1442 unius
1620 1388 1771 1456 prius

207 1474 552 1538 evangelista:
598 1484 803 1528 textum
836 1477 887 1528 in
938 1487 1190 1530 tmemata
1221 1478 1466 1531 dividant
1494 1487 1546 1532 et
1577 1480 1768 1533 diebus

204 1565 498 1633 applicent,
538 1566 712 1619 donec
736 1568 905 1632 finiat,
954 1571 1300 1636 postmodum
1330 1571 1557 1626 alterius
1593 1573 1768 1625 conti-

205 1667 389 1721 nuent,
434 1663 604 1713 donec
673 1661 852 1712 omnia
897 1662 960 1713 ad
1009 1659 1236 1715 exitum'
1284 1664 1660 1730 perduxerint,
1715 1673 1768 1718 et

204 1749 396 1803 dichns
423 1750 718 1805 Dominicis
754 1767 783 1806 a
810 1752 1076 1819 scriptore
1118 1753 1393 1823 Evangelii
1431 1770 1628 1808 nomen
1664 1759 1767 1809 im—

202 1851 445 1906 ponant:
504 1843 693 1896 dicunt
723 1844 864 1898 enim
913 1847 943 1913 ἡ
983 1843 1173 1914 πρώτη
1210 1847 1449 1916 κυριακὴ
1481 1847 1575 1900 τοῦ
1608 1849 1760 1900 Matt-

1885 641 2070 696 forsau
2103 645 2367 714 scriptura
2401 655 2483 698 est
2505 645 2891 699 curtobruccia.
2925 646 3130 706 (Iners.

1957 728 2096 784 Ibid.
2131 732 2689 805 [Ποιεῐεὺλογητόν.
2722 735 2762 786 Α
2795 735 3170 794 benedictione
3203 743 3453 812 auspica-

1884 831 1990 886 tur,
2027 824 2210 879 tliCcus
2250 842 2262 878 :
2305 826 2608 896 Εὐλογητὸς
2643 829 2669 879 ὁ
2698 827 2832 889 Θεὸς
2867 828 3026 898 ἡμῶν
3077 832 3326 898 πάντοτε,
3358 836 3450 887 νῦν

1878 912 1973 964 καὶ
2006 913 2090 965 ἀεὶ
2125 914 2218 966 καὶ
2250 915 2328 978 εἰς
2360 915 2485 977 τοὺς
2519 915 2720 979 αἰῶνας
2747 918 2859 971 τῶν
2896 920 3130 976 αἰώνων.

1950 1002 2090 1061 Ibid.
2127 1007 2195 1061 Τὸ
2228 1007 2558 1076 τρισὰγιον.
2584 1008 2622 1060 Α
2667 1019 2746 1062 ter
2779 1017 3005 1079 repetita
3077 1030 3212 1071 voce
3251 1017 3446 1086 ἄγιοςε

1881 1096 2066 1164 ’Ἄγιος
2087 1101 2112 1151 ὁ
2140 1099 2297 1164 Θεὸς,
2337 1102 2492 1168 ἆγιος
2534 1101 2771 1171 ἰσχυρὸς,
2800 1105 2954 1173 ἅγιος
2979 1109 3266 1179 ἀθάνατος,
3293 1112 3444 1180 ἐλέη-

1878 1206 1967 1242 σον
2001 1193 2170 1260 ἡμᾶς.

1946 1279 2088 1336 Ibid.
2137 1282 2249 1335 Τοῦ
2278 1285 2652 1354 εὐαγγελίου.
2685 1287 2854 1358 Cujus
2888 1291 3222 1360 ἀρχιτέλεια,
3245 1293 3447 1362 princi-

1876 1374 2026 1441 pium
2063 1383 2117 1426 et
2143 1373 2264 1428 linis
2291 1386 2418 1430 sunt
2453 1393 2467 1430 :
2503 1376 2680 1433 Sciens
2724 1381 2878 1435 Jesus
2915 1384 3039 1452 quia
3072 1385 3251 1437 omnia
3297 1385 3442 1439 dedit

1870 1465 1916 1517 ei
1950 1464 2128 1529 Pater,
2154 1478 2255 1520 etc.
2290 1478 2342 1520 et
2366 1485 2468 1521 non
2497 1473 2624 1522 estis
2659 1472 2841 1524 mundi
2870 1491 3068 1529 omnes.

1944 1555 2003 1610 P.
2037 1558 2122 1612 7|.
2183 1558 2321 1629 [Τοῦ
2382 1561 2672 1630 νιπτῆρος
2725 1565 3076 1622 ἀκολουθία.
3124 1569 3295 1634 Quam
3346 1573 3438 1640 qui

1871 1650 2203 1704 desiderabit
2266 1652 2557 1720 integrann,
2612 1666 2798 1710 nostra
2850 1659 3204 1728 Euchologia,
3233 1661 3277 1715 si
3323 1677 3434 1713 tne-

1872 1749 2080 1802 reutur,
2108 1741 2302 1795 adibit.
2360 1743 2677 1796 Ἀοκολουοία
2735 1756 2915 1801 autem
2952 1749 3178 1817 aﬂicium
3202 1762 3278 1804 est
3300 1752 3437 1804 diri-

1869 1847 2013 1892 num,
2047 1832 2206 1900 cujus
2250 1842 2432 1901 partes
2485 1840 2550 1889 ad
2581 1838 2811 1894 invicem
2857 1856 3116 1898 connexa:
3148 1845 3343 1901 ordine
3378 1862 3434 1900 sc

200 1902 437 1998 οαίου,ὴ
489 1933 721 2003 δευτέρα
770 1934 864 1987 τοῦ
896 1902 1202 1997 ιὶατὸαίηᾷ,
1236 1902 1297 1990 ρι’
1325 1940 1401 1992 sic
1434 1902 1500 1992 in
1532 1939 1673 1994 aliis.
1707 1939 1760 1990 ld
1798 1902 1837 1960 "
1867 1938 1879 1975 ί

1355 1940 1401 1990 ic
1434 1902 1500 1992 δε
1532 1939 1673 1994 θυῖε,
1707 1939 1760 1990 ω
1798 1902 1837 1960 υ
1867 1934 2294 1990 consequuntur,
2331 1929 2488 1994 quasi
2520 1934 2810 1999 sequentia.
2845 1932 3032 2006 Go.tn.]

200 2031 256 2070 nt
291 2020 482 2076 melius
510 2025 962 2092 comprehendas,
991 2026 1145 2080 velim
1170 2028 1335 2097 318
1361 2031 1765 2082 animadvertas

200 2108 427 2165 Joannis
510 2113 785 2184 Evangelii
892 2127 1095 2171 textum
1161 2119 1476 2172 universum
1559 2129 1762 2186 septem

197 2200 427 2269 integris
469 2203 903 2260 hebdomadibus
953 2208 1076 2276 legi,
1111 2223 1232 2277 quae
1263 2224 1292 2262 a
1329 2224 1518 2277 magna
1550 2210 1764 2278 pascha

196 2293 476 2347 Dominica
511 2297 685 2350 tribus
720 2298 912 2353 diebus
937 2301 1180 2369 exceptis
1210 2311 1590 2366 numerantur,
1629 2301 1763 2356 Mat-

195 2385 323 2439 tlnei
356 2384 486 2439 feria
519 2389 756 2442 secunda
788 2403 908 2458 post
939 2391 1278 2447 Dominicam
1308 2393 1653 2448 Pentecostes
1696 2394 1762 2448 ad

193 2478 616 2545 Subsequentem
649 2479 980 2536 Parasceven
1007 2484 1367 2538 Exaltationis
1401 2487 1540 2539 diem
1564 2485 1760 2540 festum

191 2569 604 2639 absolviturque
656 2572 1088 2628 hebdomadibus
1144 2585 1350 2643 septem
1429 2587 1481 2630 et
1539 2578 1748 2631 decem.

192 2659 404 2711 Harum
444 2661 694 2715 undecim
723 2662 958 2731 singulis
977 2664 1171 2718 diebus
1203 2665 1434 2719 Matthaei
1472 2666 1757 2719 lectionem

189 2751 536 2814 continuant,
585 2767 613 2804 ι
650 2754 974 2807 duodecima
999 2756 1247 2824 quinque
1304 2765 1512 2809 tantum
1567 2756 1759 2812 diebus

186 2841 360 2894 Marci
414 2841 576 2895 lectio
654 2844 976 2906 assumitur,
1028 2844 1282 2898 Sabbatis
1340 2857 1393 2899 et
1458 2844 1758 2900 Dominicis

187 2932 430 2987 Matthael
471 2934 634 2989 lectio
687 2936 1011 3000 restituitur,
1063 2952 1236 3005 usque
1264 2939 1329 2990 ad
1369 2937 1757 2991 hebdomade:-

183 3023 454 3077 decimam
493 3035 546 3079 et
591 3026 901 3094 septimam,
959 3027 1258 3081 dummodo
1311 3027 1426 3082 hac
1483 3037 1758 3096 postrema

184 3116 335 3168 inter
389 3127 602 3184 tempus
652 3118 906 3185 paschale
948 3129 1245 3183 occurrat;
1286 3120 1368 3174 sin‘
1418 3122 1617 3184 minus,
1648 3136 1754 3173 non

1892 2073 1900 2082 .
1941 2013 2082 2066 Ibid.
2118 2016 2270 2070 Alter
2301 2022 2469 2073 codex
2497 2020 2696 2076 Boicus
2729 2025 2830 2077 ἀνὰ
2859 2030 3097 2095 χρυσοῦν
3121 2033 3433 2102 νομίσματα.

1866 2103 2014 2169 τρία.
2045 2103 2249 2158 Forsan
2284 2117 2426 2161 recta
2448 2109 2610 2163 lectio
2635 2113 2738 2165 erit
2766 2115 2868 2167 ἀνὰ
2892 2121 3070 2184 χρυσᾶ
3097 2123 3430 2191 νομίσματα,

1865 2201 1924 2244 ut
1958 2192 2059 2245 ἀνά
2089 2196 2330 2263 capiatur
2382 2213 2447 2252 eo
2475 2214 2638 2254 sensu
2673 2218 2783 2271 quo
2815 2205 3004 2259 Matth.
3039 2223 3109 2260 xx
3140 2227 3154 2262 :
3191 2211 3426 2264 Ἐλαϐον

1865 2283 1966 2336 ἀνὰ
1998 2285 2272 2356 δηνάριον,
2328 2305 2635 2357 acceperunt
2684 2295 2882 2364 singuli
2927 2298 3226 2357 denarium.
3265 2304 3428 2358 Ἐλα.

1865 2374 1960 2427 σον
1992 2378 2085 2428 καὶ
2116 2380 2270 2432 αὐτοὶ
2307 2381 2409 2433 ἀνὰ
2446 2382 2723 2453 δηνάριον,
2758 2401 3067 2456 acceperunt
3096 2393 3201 2460 ipsi
3223 2411 3426 2465 quoque

1862 2464 2057 2533 singuli
2088 2468 2385 2523 denarium.
2419 2469 2620 2528 (ἕπετο.

1933 2557 2075 2612 Ibid.
2144 2559 2430 2631 [Τράπεζα
2471 2563 2540 2617 δὲ
2601 2567 2889 2636 οὐδαμοῦ.
2940 2571 3022 2628 Ob
3075 2575 3429 2643 religiosioris

1857 2649 2052 2719 jejunii
2116 2665 2470 2723 prmceptnm,
2519 2661 2661 2725 quod
2726 2671 2905 2718 tamen
2953 2667 3114 2720 etiam
3148 2673 3430 2735 monachis

1864 2742 1968 2796 hoc
1985 2743 2071 2797 die
2108 2745 2236 2798 vino
2271 2761 2378 2801 non
2414 2749 2713 2806 interdicit.
2753 2755 3144 2827 Euchologium
3171 2777 3184 2814 :
3215 2763 3427 2816 Δεδοται

1861 2833 1920 2885 τὸ
1976 2838 2371 2904 κατακλαστὸν,
2431 2841 2524 2895 καὶ
2575 2845 3078 2919 μεταλαμϐάνομεν
3129 2852 3277 2904 οἴνου
3331 2855 3426 2923 μό-

1859 2941 1974 2977 νου.

1929 3014 2092 3085 319
2121 3016 2262 3072 Ibid.
2317 3019 2464 3091 [Τῆς
2491 3025 2827 3093 ἀγρυπνίας
2878 3030 3229 3089 ἀκολουθία.
3264 3035 3427 3091 Volu-

1862 3112 1982 3172 ptas
2016 3107 2216 3172 quietis
2247 3116 2649 3177 quanlumlioet
2679 3119 2926 3174 studiosa
2954 3122 3006 3174 in
3031 3124 3252 3193 vigiliis,
3285 3147 3422 3198 quas

184 3206 408 3273 legitur.
440 3205 598 3262 Lucae
626 3207 982 3278 Evangelium
1012 3225 1039 3263 a
1070 3209 1201 3263 feria
1222 3212 1460 3265 secunda
1497 3227 1614 3279 qua:
1646 3211 1753 3265 Do-
1779 3230 1825 3293 ρ

1745 3230 1825 3293 ,C
1863 3198 2191 3264 παννυχίδας
2241 3211 2461 3266 vocant,
2493 3204 2676 3258 luxum
2737 3211 2952 3276 quaerit,
2999 3214 3066 3266 de
3105 3216 3305 3283 quibus
3337 3219 3424 3273 Si-

182 3297 445 3348 minicam
503 3309 622 3364 post
683 3296 1078 3352 Exaltationem
1143 3300 1364 3366 excipit,
1428 3309 1480 3352 et
1529 3301 1752 3366 integris

187 3388 627 3442 hebdomadibus
692 3390 982 3442 duodecim
1037 3391 1407 3445 continuatur.
1465 3391 1544 3443 Ab
1598 3391 1753 3445 initio

180 3479 361 3532 tertia:
386 3480 606 3533 decima:
633 3478 798 3534 Marci
826 3479 1164 3548 percurritur
1193 3481 1245 3532 in
1279 3480 1508 3547 reliquis
1535 3481 1748 3545 diebus,

178 3569 279 3622 sed
321 3568 577 3624 Sabbatis
602 3581 657 3624 et
693 3570 994 3624 Dominicis
1041 3569 1200 3624 Luem
1229 3571 1551 3624 assumitur.
1585 3572 1749 3627 Marci

179 3658 404 3713 tandem
459 3660 602 3714 inter
644 3660 879 3714 Matthaei
939 3668 993 3715 et
1020 3660 1182 3714 Luca!
1232 3661 1572 3725 absumitur;
1607 3663 1750 3731 quod

174 3764 314 3802 vero
335 3752 621 3820 supererit,
650 3752 900 3807 Sabbatis
929 3761 983 3806 et
1007 3752 1306 3807 Dominicis
1328 3754 1750 3822 quadragesimae

173 3841 505 3896 absolvitur.
537 3840 661 3895 Haec
696 3843 803 3895 ille.
826 3839 1029 3912 Gem]

250 3933 317 3984 Ρ.
357 3933 438 3987 70.
465 3932 538 3986 De
566 3948 712 3986 more
742 3932 957 3986 lavandi
985 3934 1168 4002 pedes,
1206 3943 1310 3987 tam
1334 3933 1439 3998 hoc
1467 3935 1551 3986 die
1584 3948 1745 4000 quam

174 4025 323 4086 aliis,
357 4026 635 4092 prOprium
667 4023 988 4090 opusculum
1022 4024 1189 4087 edidi,
1229 4024 1371 4092 quod
1406 4022 1739 4077 Pedilavium

173 4115 471 4183 inscripsi;
498 4115 585 4167 cui
616 4115 778 4167 etiam
802 4128 870 4168 ex
903 4113 1235 4184 Euchologio
1277 4115 1590 4168 Graecoi-nm
1633 4114 1748 4168 otii-

170 4205 324 4260 cium
363 4205 611 4268 peditavii
655 4205 888 4259 inserui.
919 4204 1030 4259 Nec
1077 4203 1318 4260 Orientis
1351 4216 1556 4259 tantum
1587 4222 1744 4276 reges

168 4309 224 4351 et
267 4297 626 4364 imperatores
659 4297 763 4350 hoc
810 4298 895 4350 die
937 4312 1241 4365 pauperum
1268 4296 1434 4365 pedes
1463 4298 1739 4362 lavabaut,

171 4386 274 4440 sed
313 4397 364 4438 et
391 4385 723 4448 Occidentis,
761 4396 817 4439 ut
848 4386 1098 4455 pluribus
1133 4386 1396 4455 exemplis
1441 4389 1656 4441 ostendi
1688 4390 1742 4441 in

162 4479 282 4546 jam
319 4477 467 4532 dicto
499 4476 788 4546 Opusculo.

240 4591 376 4645 Post
436 4591 739 4645 absolutam
773 4589 1142 4643 narrationem
1205 4590 1270 4644 de
1307 4587 1510 4644 lotione
1534 4589 1732 4657 pedum

163 4684 424 4753 sequitur
487 4684 542 4737 in
591 4683 830 4736 editione
872 4681 1109 4735 Juniana
1176 4683 1364 4736 titulus
1400 4682 1524 4742 iste,
1582 4683 1608 4732 6
1655 4697 1736 4733 vt-

161 4777 334 4844 πτής.
356 4774 462 4828 Sed
494 4773 627 4827 vidit
655 4776 882 4841 ipsemet
905 4771 1104 4826 Junius
1127 4773 1340 4825 titulum
1373 4789 1476 4825 non
1500 4787 1598 4824 suo
1622 4771 1741 4823 loco

166 4868 415 4934 positum
455 4880 600 4929 esse,
634 4874 684 4918 et
709 4865 754 4918 si
791 4863 1137 4933 recipiendus
1160 4864 1253 4928 sit,
1277 4863 1584 4931 ponendum
1616 4872 1741 4916 ante

165 4959 259 5013 illa
286 4959 471 5022 verba,
491 4958 595 5027 πρὸ
617 4957 670 5009 δὲ
699 4959 796 5025 τῆς
830 4955 1197 5024 λειτουργίας,
1221 4963 1328 5009 etc.
1355 4952 1464 5008 Nec
1489 4955 1542 5008 in
1573 4955 1739 5008 altero

164 5051 362 5106 codice
386 5050 548 5104 Boico
578 5059 886 5118 comparet.
915 5045 1123 5101 Gns'rs.

239 5163 390 5216 Ibid.
428 5162 710 5235 [Absoluta
763 5163 929 5217 missa
964 5161 1290 5230 lavipedium
1330 5158 1443 5213 fieri
1494 5159 1735 5227 praecipit

164 5257 590 5325 Eucltologium.
671 5254 817 5326 quod
893 5254 1080 5323 populi
1139 5252 1513 5307 commoditati
1570 5267 1732 5320 quam

160 5346 454 5419 mysterio,
487 5350 630 5414 quod
653 5345 909 5400 observat
945 5345 1260 5413 imperator,
1299 5341 1624 5396 statsatius.

227 5459 372 5516 Ibid.
416 5458 762 5524 ’Υποκάμιοα
786 5467 976 5511 auctor
997 5455 1231 5525 explicat
1251 5455 1503 5522 χιτῶνας,
1535 5454 1731 5509 Suilas

155 5551 486 5613 ἑπευδύτας,
544 5547 791 5601 satiata-ca
849 5549 1060 5616 ἱμάτια,
1096 5548 1336 5610 tunicas;
1373 5545 1559 5599 Simon
1594 5545 1728 5599 Por-

153 5650 270 5698 tins
301 5658 424 5696 cum
467 5643 624 5708 vulgo
679 5639 1049 5708 ὑποχιτῶνας,
1098 5639 1730 5708 ὲχὲσαρκα,ἐνδοτὰτους

155 5735 544 5805 χιτωνίσκους,
578 5750 682 5787 uno
709 5736 873 5786 verbo
903 5732 1179 5785 interulas.
1208 5731 1405 5799 Go.trt.'|

225 5847 371 5900 Ibid.
411 5845 824 5901 Curtzobt‘accia
857 5845 1012 5897 knrsc
1059 5846 1235 5904 lioscn,
1269 5854 1329 5896 ut
1367 5842 1721 5908 παπούτζιον,

1861 3295 2120 3350 mocatta,
2149 3304 2261 3354 \‘tll,
2300 3291 2362 3345 15
2394 3312 2406 3344 :
2445 3293 2684 3362 Σύνηϐες
2715 3298 2846 3364 γοῦν
2870 3304 2981 3363 τοῖς
3010 3305 3304 3377 ἐγχωρίοις
3330 3313 3424 3362 ἐπὶ

1857 3379 1966 3437 τοῖς
2003 3377 2416 3449 λελοχευμένοις
2463 3386 2698 3450 παιδίοις
2747 3391 3045 3461 ἑϐδομαίαν
3094 3398 3283 3464 ἄγουσι
3321 3401 3422 3470 τὴν

1855 3467 2073 3536 ἡμέραν
2103 3474 2424 3537 συμποσίων
2449 3477 2669 3546 ἑορταῖς
2701 3485 3300 3553 καταπαννυχίζεσθαι.
3343 3467 3424 3543 ί)νὶ-

1856 3557 2109 3615 lectionis
2135 3563 2340 3629 pariter
2366 3565 2548 3621 fervor
2566 3571 2879 3638 asperitatis
2898 3577 3113 3640 amans,
3135 3577 3188 3632 in
3212 3578 3418 3634 Christi

1856 3662 2031 3706 morte
2093 3658 2380 3722 protractis
2415 3673 2509 3727 per
2563 3661 2706 3715 diem
2735 3662 2980 3732 jejuniis,
3031 3670 3210 3724 noctis
3258 3686 3420 3727 omne

1853 3740 2088 3806 spatium
2145 3744 2395 3799 insomne
2450 3750 2671 3803 molitur
2701 3753 2863 3807 etiam
2917 3755 2971 3808 in
3021 3757 3415 3827 imperatorum

1851 3830 2071 3897 palatiis
2100 3835 2414 3904 adiungere.
2461 3839 2804 3910 Παννυχίδας
2827 3859 3016 3901 sacras
3050 3864 3155 3902 non
3187 3853 3414 3906 ascetici

1851 3921 2013 3976 modo
2045 3921 2264 3988 fratres,
2303 3928 2397 3980 sed
2442 3938 2494 3982 et
2523 3935 2942 4000 communioris,
2992 3937 3201 3993 devota:
3234 3949 3412 3998 tamen

1849 4010 1974 4064 vitae
2004 4027 2364 4081 praeceptores
2389 4020 2505 4072 suis
2541 4025 2763 4091 scriptis
2791 4027 3090 4085 celebrant.
3116 4030 3414 4089 Commen-

1850 4101 1981 4154 dant
2017 4103 2067 4154 in
2105 4105 2395 4173 praecipuis
2423 4109 2630 4166 Christi
2665 4113 2877 4172 Domini
2907 4127 2960 4173 et
2991 4119 3233 4189 Deipara:
3261 4125 3413 4180 festis

1847 4193 2222 4248 ecclesiastica
2257 4198 2453 4261 cilicia,
2490 4202 2576 4256 ubi
2629 4203 3050 4275 frequentiorem
3089 4212 3300 4280 plebem
3345 4218 3412 4269 ad

1847 4285 2210 4341 concinendas
2237 4289 2329 4343 Dei
2362 4293 2550 4347 laudes
2581 4310 2900 4353 convocant.
2933 4300 3057 4356 Haec
3085 4318 3211 4357 vero
3240 4306 3412 4376 ἀγρυ-

1847 4375 1977 4426 πνία
2015 4376 2123 4426 τῶν
2157 4379 2346 4431 παθῶν
2376 4383 2511 4436 adeo
2536 4388 2702 4446 culta.
2736 4397 2792 4440 ut
2825 4391 2964 4442 κατὰ
3012 4392 3103 4444 τὸν
3137 4375 3412 4463 τεταγμέ-

1847 4480 1936 4516 νον
1966 4468 2181 4536 καιρὸν,
2210 4471 2354 4526 circa
2381 4478 2676 4528 secundam
2732 4479 2989 4534 nimirum
3028 4484 3108 4536 vel
3137 4487 3352 4540 tertiam
3380 4506 3408 4542 a

1772 4548 1815 4602 Ι)
1843 4560 2085 4612 serotino
2116 4565 2443 4630 crepusculo
2475 4565 2687 4630 horam,
2723 4584 2831 4622 non
2868 4575 3036 4638 possit
3064 4575 3132 4628 ab
3169 4577 3407 4646 impera-

1845 4659 1964 4704 tore
2005 4667 2112 4705 non
2167 4655 2452 4710 celebrari.
2485 4657 2557 4710 De
2613 4660 2697 4711 his
2736 4660 2890 4716 festis
2929 4666 3163 4733 vigilatis
3215 4678 3410 4723 tractat

1842 4738 2100 4807 Allatius,
2161 4744 2227 4797 de
2282 4745 2379 4799 lib.
2426 4746 2634 4804 Eccles.
2678 4748 2866 4804 Graeco
2915 4755 3305 4812 dissertatione
3354 4761 3407 4813 t.

1842 4827 2039 4901 Cone]

1912 4921 2058 4976 Ibtd.
2091 4922 2388 4980 Duodecim
2415 4926 2522 4981 ista
2561 4932 2842 5000 evangelia
2921 4944 3081 4988 erant
3113 4945 3293 5000 partes
3334 4953 3402 4992 ex

1838 5018 2079 5079 quatuor
2107 5015 2821 5088 evangelistisdesumpta,
2883 5030 2940 5074 ut
2970 5022 3194 5090 planum
3259 5026 3316 5080 iit
3341 5043 3406 5082 ex

1839 5103 2154 5157 Graecinum
2188 5105 2432 5172 Triodio,
2468 5109 2559 5162 ubi
2585 5110 2875 5165 duodecim
2927 5115 3120 5168 ordine
3178 5131 3408 5174 eumne-

1838 5205 2053 5260 rantur,
2097 5197 2356 5266 adjuncto
2412 5201 2780 5267 evangelista,
2834 5216 2900 5256 ex
2959 5219 3064 5273 quo
3125 5209 3406 5274 quodlibet

1836 5285 2181 5356 tlesumptum
2216 5299 2318 5352 est,
2355 5291 2591 5345 nomine.
2631 5293 2816 5363 itaque
2867 5295 2999 5348 nihil
3033 5297 3147 5351 haec
3202 5298 3408 5352 duode-

1835 5379 1939 5432 cim
1965 5383 2378 5449 evangeliorum
2420 5384 2582 5440 lectio
2614 5388 2680 5442 ad
2713 5386 2858 5441 illam
2894 5399 3130 5458 quatuor
3162 5389 3404 5458 Evange-

1831 5472 2029 5526 liorum
2069 5489 2162 5528 seu
2197 5475 2291 5527 τοῦ
2344 5481 2856 5547 τετραευαγγελὶου,
2899 5491 2954 5534 ut
2984 5496 3050 5535 ex
3089 5482 3251 5536 dictis
3275 5498 3401 5550 pcr-

1833 5569 2083 5635 spicuum
2107 5569 2457 5637 relinquitur.
2494 5569 2712 5625 Falsum
2747 5584 2930 5627 autem
2969 5582 3050 5627 est
3108 5575 3396 5629 duodecim

1835 5661 1947 5712 ha-c
1973 5664 2246 5732 evangelia
2311 5675 2502 5729 quater
2531 5666 2582 5716 in
2609 5680 2751 5718 anno
2815 5669 2949 5721 lecta
2982 5683 3124 5732 esse,
3161 5677 3215 5718 ut
3271 5666 3403 5720 dicit

1833 5753 2127 5807 Meursius.
2198 5755 2372 5808 Semel
2411 5759 2628 5811 inauno
2684 5760 2819 5813 lecta
2868 5771 3014 5820 sunt,
3039 5775 3144 5812 non
3177 5769 3394 5824 quater,

1835 5860 2024 5915 nempe
2061 5860 2252 5915 magna
2319 5848 2448 5901 feria
2497 5851 2684 5918 quinta
2718 5850 2768 5904 in
2838 5849 3006 5905 oil‘tcio
3058 5849 3249 5920 vigilia:
3299 5864 3395 5917 pro
