4252 6444
298 431 409 495 365

1397 442 1787 505 GRETSERI-
1820 446 1914 506 ET
1955 447 2196 511 GOARI
2223 449 2467 514 NOTAE.

3453 455 3555 517 366

300 547 615 615 inexpiabili
643 551 847 605 scelere
880 566 1001 607 sese
1019 551 1343 608 obstrictum
1366 557 1710 616 credidisset.
1736 560 1875 627 Quid
1909 569 1926 624 Α

1935 568 1953 623 ι
1982 564 2199 633 πατέρα
2232 564 2551 635 ἀντιφιλεῖν.
2604 564 2785 620 Solam
2819 580 3041 622 manum
3092 567 3327 623 senioris
3362 566 3557 635 iunior

298 640 445 709 quod
467 639 653 697 Batavi
674 642 977 699 Calviniam‘
996 645 1221 714 pedibus
1248 648 1571 705 suis-oscula
1586 650 1715 706 ferri
1732 653 1879 708 haud

293 747 440 802 aegre
462 733 609 803 passi
627 744 753 789 sttut
777 737 798 788 9
821 735 952 792 Nam
974 739 1030 791 in
1051 738 1402 810 navigatione
1430 742 1671 801 Australi
1689 744 1880 801 Jacobi

292 825 340 879 le
372 824 565 890 Μαίη,
595 824 774 883 ιοίιὴε
810 829 862 882 in
898 827 1183 885 Hollandia
1215 832 1358 902 typis
1385 847 1586 891 excusa
1607 836 1877 892 annone-

290 917 593 987 demptoris
616 918 779 984 1619,
821 922 933 976 haec
965 923 1178 991 prodita
1198 925 1412 981 suntde
1456 926 1612 984 indis
1649 930 1878 1001 quibus-

289 1008 415 1063 dam
442 1026 456 1062 :
488 1009 594 1077 Qui
615 1012 883 1067 intrabant
923 1031 1105 1069 navem
1125 1026 1358 1073 nostram
1381 1036 1445 1074 ea:
1465 1021 1616 1090 ipsis,
1634 1024 1688 1077 in
1705 1040 1875 1093 genua

287 1102 619 1169 procidentes
656 1104 874 1173 pedibus
923 1109 1123 1163 nostris
1174 1113 1354 1180 oscula
1392 1112 1647 1184 ﬁgebant.
1702 1114 1873 1171 Paulo

288 1202 446 1261 post:
483 1190 550 1247 Ut
575 1196 804 1260 primum
825 1213 1008 1252 narem
1027 1201 1399 1255 conscenderat
1426 1201 1699 1273 (ludorum
1730 1204 1870 1269 real,

286 1284 642 1351 procidens‘in
668 1302 837 1354 genua
869 1304 931 1341 ac
964 1293 1310 1357 procumbens
1359 1295 1413 1347 in
1466 1295 1657 1362 faciem
1694 1314 1871 1366 preces

286 1390 415 1427 suas
445 1374 653 1442 e/fudit.
688 1376 893 1432 Ductus
921 1380 990 1433 ad
1013 1382 1272 1447 inferiora
1301 1388 1470 1449 nauis.
1512 1388 1708 1443 iterum
1749 1404 1873 1457 pro-

285 1461 528 1516 cumbens
547 1464 812 1528 adorauit,
838 1478 946 1522 etc.
968 1468 1199 1525 Comites
1236 1463 1401 1539 ipsius
1448 1477 1601 1544 pedes
1658 1490 1868 1535 nostros

283 1554 756 1622 exosculabantur,
788 1570 1128 1631 acceptosque
1150 1579 1236 1620 eos
1259 1566 1508 1623 manibus
1537 1570 1649 1625 suis
1696 1572 1869 1639 capiti

286 1643 618 1710 inponebant
649 1649 719 1702 ad
739 1650 1601 1731 demissionemsubjectionemque
1649 1662 1870 1718 demon-

286 1733 585 1790 strandam.
621 1737 686 1793 Et
713 1739 938 1808 quinam
962 1743 1076 1811 isti,
1110 1747 1311 1815 quibus
1340 1749 1651 1807 lubentibus
1674 1762 1868 1810 tantus

288 1824 379 1880 hic
400 1825 574 1882 honos
601 1828 812 1887 delatus
837 1832 862 1885 i
885 1831 1174 1891 Praedones
1203 1846 1259 1892 et
1312 1840 1502 1910 piratae
1521 1857 1605 1897 'ex
1650 1842 1861 1898 Caleini

1986 656 2337 711 osculabatur
2378 657 2655 725 quondam
2693 675 2708 712 :
2738 658 2979 716 Basilius
3024 659 3169 714 enim
3205 658 3429 716 Macedo
3457 660 3554 715 Mi-

1984 745 2175 802 chaele
2196 746 2268 802 ad
2302 745 2498 803 lectum
2527 747 2766 804 deducto
2795 748 2893 820 τὴν
2926 751 3086 821 χεῖρα
3127 748 3362 822 φιλήσας
3399 750 3551 822 ἐξῆλ-

1983 837 2093 892 Θεν.

2052 930 2111 986 Ρ.
2132 931 2219 987 75.
2244 931 2422 1006 {015cc
2442 931 2571 1003 μὴν
2587 934 2676 1000 εις
2697 929 2807 987 τὸν
2825 932 3171 1003 ἀσπασμόν.
3208 932 3286 989 Ad
3307 931 3551 989 Francos

1984 1023 2334 1096 Venetosque
2368 1027 2502 1083 urbe
2520 1026 2627 1083 (ΞΡ.
2653 1026 2952 1098 ejiciendos
2973 1026 3225 1083 Michaeli
3240 1027 3550 1095 Palicolmr-u

1977 1118 2161 1188 copias
2215 1117 2510 1174 auxiliares
2565 1119 2935 1188 promiserant
2979 1119 3296 1176 Genuenses
3342 1138 3356 1174 :
3422 1123 3549 1175 hinc

1972 1210 2285 1265 communia
2303 1212 2451 1280 pacis
2474 1198 2892 1282 concordiaeque
2923 1210 3152 1268 fmdera.
3178 1208 3371 1299 Veneti
3394 1229 3545 1276 vero,

1974 1310 2033 1355 ut
2085 1300 2177 1370 qui
2228 1314 2352 1355 cum
2405 1299 2635 1355 Francis
2682 1300 3110 1372 imperauerant,
3161 1302 3362 1357 fmdatn
3419 1318 3545 1357 cum

1971 1390 2179 1445 Graecis
2228 1390 2577 1446 concordiam
2610 1400 2664 1447 et
2710 1391 3066 1461 opprobrium
3117 1393 3546 1462 subiectionem-

1970 1497 2078 1551 que
2140 1483 2392 1539 redolens
2447 1482 2626 1540 lmdus
2689 1484 2830 1540 inire
2880 1486 3348 1561 detrecsarerunt.
3410 1484 3545 1539 Vide

1969 1573 2270 1644 Gregoram
2319 1576 2577 1646 superius
2621 1576 2875 1641 relatum,
2907 1592 3009 1633 nec
3038 1591 3149 1631 non
3196 1576 3418 1632 Petrum
3450 1576 3548 1629 Ju-

1969 1664 2269 1723 stinianum
2304 1664 2635 1723 Venetorum
2672 1677 2729 1723 et
2761 1668 3136 1725 Genuensium
3177 1669 3330 1723 vario
3375 1669 3547 1723 Marte

1970 1753 2118 1809 inter
2156 1771 2215 1811 sc
2266 1757 2668 1814 decertantium
2704 1759 2844 1815 bella
2892 1760 3141 1816 historia
3167 1760 3388 1817 Venetae
3440 1760 3477 1817 l.
3513 1778 3544 1813 ν

1968 1844 2397 1911 describentem,
2426 1864 2491 1905 ac
2517 1851 2733 1906 tandem
2760 1852 2938 1922 ipsum
2966 1852 3282 1909 Ilicbaeletn
3298 1854 3544 1909 victoriis

285 1914 523 1983 oﬂlciua,
555 1920 646 1988 qui
680 1921 931 1979 fortassis
946 1925 1156 1983 hostias
1185 1909 1427 2001 quoque,
1458 1932 1643 1990 silndi
1663 1952 1756 1991 eas
1774 1938 1869 1992 ob-
1899 1909 1943 1969 Β
1973 1938 2197 2005 elatura,
2233 1909 2585 1997 haudytamen
2612 1909 3045 2011 insolescentetn,
3073 1943 3329 2011 Venetos,
3362 1962 3392 2002 a
3422 1948 3543 2016 qui-

287 2006 561 2070 tulissent.
588 2010 731 2066 haud
759 2015 1167 2084 repudiassent.
1204 2030 1263 2075 ut
1290 2022 1491 2078 factum
1520 2039 1550 2079 a
1596 2025 1767 2083 Paulo
1816 2040 1871 2086 et

288 2094 535 2152 Barnaba
562 2101 682 2155 Act.
705 2117 819 2165 xw,
838 2118 961 2159 cum
987 2106 1309 2178 Lystrenses
1327 2113 1408 2169 eis
1421 2116 1750 2173 sacriﬁcium
1768 2134 1869 2181 ceu

283 2181 406 2239 ,ιονὶ
426 2196 481 2240 et
511 2186 778 2244 Mercurio
804 2204 1151 2262 appararent.
1177 2197 1389 2264 Quibus
1411 2202 1744 2263 clamoribus
1765 2218 1869 2264 ter-

287 2290 402 2329 ram
426 2288 480 2331 et
508 2280 707 2335 mthera
744 2299 850 2339 non
879 2288 1239 2357 complerent.
1266 2295 1311 2349 si
1343 2306 1439 2352 aut
1465 2297 1519 2351 in
1539 2299 1702 2356 libris
1724 2304 1867 2373 lege-

285 2377 408 2450 rept
434 2378 528 2425 aut
556 2372 823 2431 relatione
837 2376 1399 2453 aiiorumaceiperent
1424 2390 1734 2458 pontiﬁcem
1758 2372 1866 2449 lio—

286 2473 511 2513 manum
537 2477 644 2516 non
678 2473 890 2522 tantum
934 2472 1246 2540 permittere
1278 2486 1339 2531 ut
1366 2479 1489 2548 quis
1537 2487 1699 2550 pedes
1745 2485 1866 2555 ejus

283 2548 581 2617 osculetur,
604 2557 699 2610 sed
719 2565 774 2611 et
812 2559 1042 2617 tolerare
1071 2574 1130 2618 ut
1176 2566 1298 2634 quis
1344 2570 1507 2639 pedes
1526 2548 1691 2644 capiti
1709 2548 1868 2649 argu-

286 2653 528 2695 mentum
553 2645 905 2713 subjectionis
920 2651 1214 2724 imponat?

357 2728 474 2788 Lib.
508 2733 1161 2812 tﬂistor.Cantacureni,
1201 2763 1252 2804 c.
1321 2752 1412 2820 16,
1457 2757 1736 2815 osculatur
1778 2763 1869 2830 ju-

285 2822 406 2877 nior
433 2826 779 2886 Andronicus
809 2834 1046 2891 senioris
1062 2838 1382 2905 Andronici,
1405 2844 1489 2899 avi
1509 2848 1617 2912 sui,
1636 2851 1824 2916 pedem
1847 2868 1864 2913 :

284 2913 377 2966 ubi
408 2915 829 2976 additurzdlore
852 2922 1103 2980 Romanis
1147 2929 1554 2999 imperatoribus
1605 2913 1865 3008 receptum

280 3010 420 3064 erat,
446 3019 565 3057 cum
586 3009 851 3077 quispiam
876 3018 1387 3086 consanguineorum
1413 3034 1504 3078 aut
1524 3027 1726 3098 alioqui
1740 3047 1865 3100 gra-

283 3094 359 3145 tia
395 3096 534 3163 apud
555 3113 641 3152 cos
657 3101 957 3167 ﬂorentium
980 3117 1261 3161 secundum
1287 3094 1658 3170 adorationem
1680 3094 1860 3187 pellem

281 3186 619 3252 imperatoris
646 3192 827 3246 osculo
859 3198 1181 3266 contigisset,
1210 3212 1267 3256 ut
1309 3205 1593 3275 imperator
1637 3214 1862 3269 uicissim

278 3369 461 3435 pedem
494 3373 762 3429 osculatus
792 3380 997 3447 fuisset,
1033 3383 1140 3446 ille,
1174 3401 1236 3438 ne
1265 3387 1574 3458 inexpiabili
1603 3396 1725 3449 odio
1753 3398 1859 3465 ﬂa-

278 3472 436 3525 grare
462 3465 761 3517 crederetur
779 3468 828 3519 si
878 3485 969 3523 nec
1003 3471 1071 3524 iis
1130 3485 1368 3541 nepotem
1395 3488 1446 3531 et
1490 3482 1859 3549 imperatorem

276 3543 586 3608 dignaretur
599 3565 715 3617 qua
730 3554 952 3620 privatis
980 3560 1351 3626 tribuerentur,
1391 3543 1578 3634 faciem
1599 3572 1714 3639 ejus
1732 3590 1858 3629 cou-

279 3640 362 3685 tra
392 3644 440 3687 et
472 3637 580 3705 ipse
608 3646 792 3699 osculo
825 3644 1031 3703 libauit.
1081 3648 1227 3705 ldein
1278 3637 1631 3715 Andronicus
1669 3663 1860 3731 iunior

276 3724 474 3778 iterum
500 3728 587 3782 avi
620 3732 807 3824 pedem
842 3737 1057 3805 publice
1083 3742 1367 3800 osculatus
1396 3758 1480 3803 est
1504 3764 1547 3813 ι,
1572 3750 1636 3805 ω
1710 3756 1855 3824 quod

276 3828 329 3867 c.
360 3814 429 3869 50
461 3808 725 3887 tanquam'
745 3838 1064 3893 expressum
1094 3833 1455 3902 subjectionis
1488 3808 1752 3899 indicium
1771 3808 1857 3902 re;

277 3905 502 3975 petitur.
535 3922 596 3975 tt,
624 3911 679 3975 5,
713 3912 895 3971 Persae
922 3920 1290 3979 Andronicum
1319 3926 1593 3996 iuniorem
1615 3934 1855 4006 impera-

276 4006 450 4052 torem
474 4012 760 4073 antequam
776 4012 1255 4083 appropinquaret,
1271 4020 1542 4089 capitibus
1560 4024 1711 4081 butni
1727 4030 1855 4083 sub-

276 4092 463 4147 missis
482 4094 803 4152 adorabam.
829 4099 935 4156 Sed
958 4105 1215 4175 princeps
1245 4109 1538 4171 Persarum
1591 4118 1657 4176 ad
1719 4135 1846 4175 eum

275 4182 504 4249 pedibus
536 4189 800 4245 accedens
827 4202 883 4247 et
916 4196 1182 4254 adorabat
1207 4210 1260 4255 et
1298 4203 1487 4271 pedem
1522 4207 1669 4264 illius
1691 4226 1855 4267 oscu-

272 4272 614 4345 labatur.sn,
646 4280 737 4345 38,
767 4280 1133 4344 Protostrator
1176 4306 1303 4347 cum
1330 4297 1446 4351 suis
1473 4300 1658 4366 pedem
1691 4300 1856 4358 Joan-

273 4364 360 4418 nis
393 4364 761 4429 Cantacuzeni
811 4374 1154 4444 imperatoris
1184 4364 1487 4442 osculatur;
1530 4389 1676 4445 Idem
1713 4393 1854 4449 lltab

268 4452 490 4517 aliis,.e.
515 4458 604 4513 40.
635 4461 779 4515 Idem
808 4465 875 4519 ab
903 4466 1031 4533 alio,
1059 4484 1114 4525 e.
1151 4472 1242 4537 ιε,
1262 4485 1317 4529 et
1344 4477 1605 4542 rPersis,
1641 4497 1713 4545 IV,
1743 4482 1847 4548 Ἰος

269 4560 353 4609 m,
385 4546 473 4609 ιδ.
498 4547 723 4606 ’l‘ribalii
746 4554 989 4624 ejusdem
1016 4557 1377 4619 Cantacuseni
1407 4582 1549 4636 genu
1598 4546 1850 4626 osculans
1876 4582 1933 4642 ι)

267 4650 374 4691 tur.
403 4639 657 4712 Exempla
692 4647 970 4702 osculi-tisi
1001 4650 1176 4707 oculis
1203 4663 1258 4708 et
1307 4655 1466 4712 faciei
1508 4660 1678 4718 habes
1702 4665 1843 4732 apud
1878 4639 1937 4671 “’

263 4730 565 4788 Cantacuz.
594 4750 632 4798 ι,
666 4736 755 4799 1-6,
774 4738 1012 4795 dexterae
1032 4757 1081 4796 c.
1115 4744 1254 4799 Met
1278 4761 1331 4801 e.
1356 4749 1446 4802 ιι.
1479 4749 1683 4809 Gaure.

338 4820 481 4876 Ibid.
521 4822 623 4895 [De
655 4826 986 4895 imperatore
1020 4833 1232 4888 minore
1264 4837 1527 4907 majorem
1570 4844 1843 4904 salutante

262 4922 318 4966 et
346 4912 470 4981 ejus
497 4914 693 4982 pedem
730 4922 1085 4977 esoseulante
1107 4933 1160 4978 et
1202 4926 1273 4981 ab
1309 4930 1498 4985 eodem
1538 4934 1653 4990 oris
1680 4950 1841 4993 oscu-

262 5006 377 5059 lum
424 5020 748 5076 reputante
780 5011 1070 5071 Gretserus
1117 5013 1214 5073 hic
1256 5023 1494 5091 egregie.
1528 5026 1598 5079 At
1629 5028 1673 5081 si
1704 5030 1840 5085 alter

263 5099 419 5152 alteri
462 5113 635 5169 eques
689 5113 965 5170 occurrat,
1019 5109 1150 5178 quid
1198 5113 1360 5167 tum?
1402 5112 1837 5187 Cantacuzenus,

262 5204 301 5247 ι,
329 5188 401 5241 35
435 5207 449 5243 :
481 5190 647 5253 Ἐθος
680 5194 1065 5267 ἐπικράτησιν
1102 5202 1332 5270 ἀρχαῖον
1371 5204 1525 5273 παρὰ
1552 5210 1668 5271 τοῖς
1706 5210 1838 5264 Ῥω-

263 5280 448 5347 μαίων
498 5280 832 5349 βασιλιῦσιν,
869 5287 1001 5342 ὅταν
1057 5290 1330 5359 μέλλωσιν
1378 5293 1544 5366 330
1582 5298 1836 5370 ἀλλήλοις

261 5371 679 5440 συντυγχάνειν,
723 5377 853 5439 τοὺς
903 5378 1006 5446 μὲν
1050 5380 1355 5451 ἑπομένους
1389 5387 1679 5457 ἑκατέροις
1724 5394 1832 5444 τῶν

261 5457 450 5511 ἵππων
502 5461 851 5527 καταϐάντας
900 5466 1130 5523 ἔπεσθαι
1161 5472 1324 5543 πεζῇ,
1352 5472 1555 5539 αὐτοὺς
1601 5478 1661 5531 δὲ
1692 5494 1830 5548 συμ-

262 5550 531 5617 μίξαντας
554 5554 853 5621 ἐφιππίους,
892 5559 985 5612 τὴν
1015 5562 1115 5630 μὶν
1146 5564 1413 5635 νεώτερον
1446 5567 1693 5637 κύψαντα
1733 5574 1829 5625 τοῦ

260 5644 641 5715 πρσσσυτέρου
694 5647 962 5717 βασιλέως
1006 5655 1477 5726 περιπτύσσισθαι
1506 5660 1605 5728 τὴν
1645 5664 1826 5732 χεῖρα,

259 5734 351 5785 τὸν
390 5736 484 5787 ἰπὶ
514 5738 612 5807 τῆς
638 5743 882 5809 κεφαλῆς
921 5746 1190 5816 πρότερον
1223 5749 1614 5820 περιελόμενον
1646 5756 1822 5820 πῖλον,

260 5826 618 5899 ἁνακύψαντα
650 5832 712 5886 δὲ
740 5836 951 5890 ικιτθιν
990 5840 1072 5901 ei;
1101 5841 1161 5892 τὸ
1195 5842 1489 5909 πρόσωπον
1538 5844 1701 5901 αὑτὸν
1733 5849 1825 5900 τὸν

1977 2031 2080 2087 bus
2106 2031 2210 2087 sibi
2240 2037 2543 2091 cavendum
2573 2036 2820 2102 rebatur,
2859 2038 2927 2094 de
2958 2054 3091 2109 pace
3120 2039 3389 2095 ﬁrmanda
3413 2055 3547 2094 exo-

1976 2132 2594 2288 nlllb‘ic'tn..[ltaxodr{ia.
2619 2218 2748 2274 Piiei
2780 2235 2954 2292 genus
2984 2230 3110 2277 ante
3144 2238 3315 2294 pauca
3348 2225 3543 2279 saecula

1977 2304 2030 2359 in
2076 2303 2289 2378 Europa
2345 2310 2784 2367 usitatissimum.
2838 2311 3013 2369 Latini
3060 2315 3356 2384 caputium,
3405 2315 3543 2371 Galli
3652 2372 3659 2381 ,

1976 2397 2261 2468 cbaperou,
2311 2398 2429 2455 Itali
2461 2417 2691 2471 capesso
2740 2405 3015 2461 dicebant.
3058 2406 3134 2463 De
3177 2424 3287 2481 quo
3343 2424 3546 2465 consu-

1975 2489 2170 2547 lendus
2193 2490 2511 2562 Stephanus
2541 2495 2871 2555 Paschasius
2896 2498 3346 2576 disquisitiouum
3378 2501 3547 2555 Frau-

1974 2582 2237 2648 cicarum,
2251 2601 2370 2649 νιιι.
2402 2587 2488 2650 i8.
2514 2598 2569 2643 et
2584 2590 2672 2644 45.
2693 2590 2965 2659 Capillum
2978 2601 3135 2649 vocat
3160 2593 3363 2650 Paulus
3377 2594 3547 2650 Emi-

1976 2672 2080 2727 lius
2104 2676 2161 2729 in
2188 2672 2398 2732 Joanne
2420 2679 2615 2746 primo.
2647 2668 2846 2763 quam]

2048 2763 2190 2820 Ibid.
2256 2769 2499 2835 Τρεύαν.
2553 2757 3013 2831 Latino-Barbare
3069 2786 3275 2848 treuga.
3340 2778 3548 2835 Dicitur

1974 2855 2137 2909 etiam
2168 2858 2358 2928 τρέόα.
2676 2880 2683 2887 ’

2044 2944 2185 3001 Ibid.
2219 2951 2593 3019 Μπατουλος.
2627 2952 2702 3009 Ita
2754 2955 3065 3024 legendum.
3112 2959 3300 3045 inepte
3347 2961 3546 3017 Junius

1972 3036 2257 3102 λυπάῖὶος.
2309 3041 2473 3098 Falso
2519 3046 2653 3100 citat
2680 3047 3005 3132 Gregoram,
3042 3052 3078 3107 l.
3114 3044 3189 3122 tv,
3218 3059 3370 3123 quasi
3399 3060 3543 3126 apud

1974 3129 2127 3183 illum
2154 3131 2364 3202 legatur
2384 3135 2638 3205 lypailus,
2668 3156 2791 3194 cum
2820 3129 3045 3199 Graecus
3066 3155 3252 3203 textus
3281 3148 3544 3205 distincte

1893 3258 1938 3316 Ο
1976 3219 2170 3275 habeat
2200 3224 2519 3294 μπατουλος,
2575 3238 2630 3283 et
2683 3232 2953 3303 interpres
2989 3237 3223 3305 baiulus,
3254 3252 3400 3297 recte
3441 3250 3544 3299 uti-

279 3275 396 3343 ejus
419 3277 607 3345 faciem
633 3282 1050 3344 deoscularetur.
1072 3290 1203 3346 Cum
1235 3294 1413 3365 itaque
1435 3308 1548 3353 tum
1577 3317 1733 3369 nepos
1775 3308 1861 3360 avi
1893 3275 1910 3337 (-

1966 3324 2091 3376 que.
2125 3307 2353 3369 Frustra
2382 3324 2466 3371 est
2513 3317 2785 3378 Meursius
2812 3327 2904 3393 qui
2950 3331 3173 3401 corrigit
3210 3334 3539 3405 ελπατουλος,

1962 3400 2125 3456 unica
2152 3401 2336 3458 littera
2368 3410 2719 3477 transposita,
2746 3413 2902 3481 quasi
2930 3418 3000 3470 sit
3024 3432 3192 3484 purus
3214 3432 3376 3491 putus
3404 3400 3541 3481 idio;

1962 3489 2158 3546 tismus
2183 3493 2428 3551 Italicus.
2463 3498 2567 3552 Sed
2614 3514 2739 3555 cum
2772 3501 3017 3561 Codinus
3058 3489 3322 3568 hactenus
3382 3515 3540 3573 italo-

1960 3595 2083 3637 rum
2115 3584 2361 3641 articulis
2384 3603 2492 3643 non
2531 3591 2601 3644 sit
2624 3607 2780 3659 usus,
2805 3597 3066 3655 credibile
3088 3612 3173 3658 est
3197 3618 3321 3660 eum
3355 3625 3531 3680 nequc

1961 3671 2048 3728 hic
2074 3688 2234 3730 usum
2267 3675 2476 3743 fuisse;
2534 3694 2771 3751 cumque
2816 3684 2903 3755 ap
2942 3689 3023 3742 vel
3051 3706 3092 3743 π
3138 3671 3530 3765 incipientibus

1959 3764 2295 3821 recentiores
2347 3767 2521 3823 Graeci
2572 3772 2807 3829 litteram
2855 3795 2894 3846 μ
2944 3764 3261 3853 ρηροηετσ
3295 3792 3529 3859 soleant,

1960 3857 2021 3903 ut
2046 3850 2281 3921 ipsemet
2314 3854 2587 3915 leursius
2634 3861 3016 3924 in‘Glossario
3043 3850 3296 3945 pluribus
3347 3850 3528 3938 axem:

1960 3942 2065 4010 plis
2094 3946 2361 4014 ostendit,
2398 3951 2595 4006 rationi
2629 3955 2787 4023 plane
2837 3942 3143 4022 consonum
3172 3978 3257 4025 est
3304 3977 3528 4033 credere

1956 4031 2226 4091 Codiuum
2277 4038 2369 4094 hic
2400 4043 2690 4112 scripsisse
2729 4052 3049 4121 μπαῖουλος,
3088 4073 3242 4116 more
3291 4031 3524 4124 aliorum

1956 4137 2021 4179 ex
2051 4128 2357 4184 recentiore
2381 4130 2587 4189 Gracia
2619 4141 2976 4210 scriptorum.

2025 4215 2093 4274 P.
2117 4218 2206 4274 76.
2232 4220 2315 4274 Ad
2345 4220 2608 4281 Francos.
2642 4228 2839 4286 Franci
2884 4234 2940 4290 in
2974 4242 3345 4302 recentiorum
3378 4252 3524 4307 Grai-

1956 4323 2146 4366 corum
2190 4316 2411 4384 scriptis
2454 4335 2561 4373 non
2592 4323 2771 4378 solum
2818 4326 2957 4382 Galli
3006 4330 3339 4407 intelligendi
3369 4358 3520 4409 sunt,

1956 4402 2132 4471 inquit
2165 4402 2385 4471 Junius,
2420 4409 2515 4463 sed
2549 4410 2667 4467 Itali
2712 4431 2930 4487 quoque
2957 4430 3010 4488 et
3044 4402 3237 4495 Siculi,
3282 4446 3349 4486 eo
3379 4402 3522 4504 quod

1954 4494 2084 4547 olim
2116 4495 2318 4553 Siciliae
2348 4512 2578 4577 regnum
2612 4515 2667 4559 et
2694 4522 2823 4577 pars
2848 4510 3015 4567 Italiae
3044 4531 3074 4571 a
3114 4515 3341 4577 Francis
3377 4494 3518 4584 tene-

1955 4581 2134 4640 batur.
2167 4586 2375 4645 Gnsrs.

2025 4674 2159 4730 Ibid.
2195 4677 2217 4747 Ῐ
2234 4680 2444 4751 Ἠρέμα
2476 4687 2891 4758 ψαυομένης.
2938 4694 3015 4751 Ne
3060 4710 3254 4762 cantus
3312 4712 3516 4780 regiam

1949 4764 2327 4833 adorationem
2379 4773 2725 4844 interturbet,
2770 4783 2854 4835 vel
2891 4784 3004 4841 haec
3045 4791 3293 4849 ecclesia:
3339 4764 3518 4852 οδῑϋίο

1948 4854 2196 4911 videatur
2224 4862 2536 4931 conjuncta.
2630 4859 2637 4868 ’

2020 4945 2161 5012 Ibid.
2196 4947 2416 5022 [Οὗτός
2464 4974 2527 5010 es
2559 4960 2659 5013 και
2684 4962 2906 5033 πάντες
2933 4972 2986 5022 ol
3020 4970 3333 5043 ἄρχοντες.
3363 4981 3514 5035 Cele-

1947 5038 2030 5093 bri
2096 5041 2405 5113 Palmarum
2461 5048 2602 5105 festo
2653 5056 2793 5109 solet
2840 5045 3160 5135 patriarcha
3216 5085 3410 5127 cruces
3461 5085 3514 5127 et

1944 5144 2131 5185 cereos
2163 5130 2214 5186 in
2259 5140 2517 5207 populum
2564 5130 2918 5216 distribuere,
2948 5156 3116 5223 quasi
3163 5158 3513 5232 δεξιούμενος

1942 5220 2071 5283 τοὺς
2095 5222 2156 5275 τδ
2185 5230 2531 5300 παγκράτιον
2554 5235 2651 5304 τῆς
2680 5240 2935 5307 νηστείας
2962 5220 3289 5314 νικήσαντας
3312 5220 3511 5322 τιμίων

1944 5313 2039 5364 καὶ
2073 5315 2245 5381 ἁγίων
2295 5321 2546 5394 σταυρῶν
2589 5327 2896 5399 ἁγιάσμασι
2943 5336 3039 5388 καὶ
3082 5338 3288 5412 κηρίων
3333 5313 3507 5411 φὲυτο.

1940 5402 2113 5456 σόλων
2148 5409 2472 5478 χαρίσμασι.
2511 5416 2647 5470 Οὐδὲ
2686 5420 2795 5491 γὰρ
2825 5422 2972 5477 θέλσι
3023 5402 3356 5501 σκιαμαχεῖν
3381 5437 3508 5495 τοὺς

1940 5500 2167 5561 πιστοὺς
2201 5504 2323 5553 κατ’
2386 5507 2631 5573 ὲκείνους
2666 5512 2793 5577 τοὺς
2841 5518 3391 5603 νηπιόῒφρσνας,ἀλλ’
3432 5529 3528 5612 ὡςκ

1940 5585 2035 5612 ιι..
2067 5588 2167 5612 -2-
2205 5590 2322 5612 ﬁ.--“
2359 5610 2368 5612 -
2432 5596 2445 5611 ο
2614 5600 2628 5612 ι
2718 5603 2767 5612 ...
2931 5607 2963 5612 _-
2998 5608 3008 5612 -

1937 5585 2038 5655 ἤδη
2067 5588 2167 5657 τῆς
2200 5590 2551 5667 δικαιοσύνης
2581 5600 2670 5652 τὸν
2714 5603 2867 5672 ἥλιον
2896 5585 3223 5677 ίβλέττσνταςὶ
3252 5614 3350 5683 τὴν
3382 5585 3510 5669 νέαν

1937 5674 2073 5727 Σιὼν
2101 5678 2189 5730 διὰ
2205 5680 2385 5735 πώλου
2404 5688 2727 5753 φωτίζοντα.
2749 5674 3082 5769 Feria—tertia
3103 5674 3371 5770 sequenti,
3386 5722 3507 5775 qua:

1936 5764 2042 5817 τῶν
2069 5773 2451 5842 κατηχήσεων,
2475 5782 2885 5842 catechumenis
2913 5765 3244 5848 instruendis
3264 5794 3501 5857 dicatur.

1935 5856 2139 5914 minuta
2194 5863 2350 5918 thura
2414 5876 2761 5929 concurrenti
2808 5882 3012 5948 populo
3068 5883 3160 5936 dat
3217 5884 3270 5937 in
3307 5900 3501 5941 manus
