4224 6450
700 415 798 473 3τέ7

1764 413 1834 467 lli
1881 410 2174 469 l.ll’»RU3’l
2228 407 2316 465 DE
2376 404 2702 468 Ol-‘FlCllS
2757 403 2863 461 ΟΡ.

3818 398 3919 465 ges

692 528 835 577 circa
887 538 1098 576 θυι-(πω
1142 534 1375 591 tempus.
1410 524 1609 591 ὁμιλῲν
1658 518 1766 571 οἷον
1797 522 1880 572 διίι
1922 521 2127 571 τούτων
2154 520 2248 572 αὐ·
2287 532 2324 582 Α

2246 551 2248 558 ι
2287 532 2324 582 Α
2359 514 2626 577 lucensis,
2656 514 2692 565 Ι.
2731 528 2801 567 vu
2853 512 2997 565 Jut‘is
3038 510 3159 565 Cll:
3227 509 3575 564 Celsissimam
3645 527 3914 564 sacrorum

690 618 822 677 τοῖς,
873 616 964 666 καὶ
1014 614 1398 683 ὑποτιθέμενος
1441 614 1513 681 μὴ
1547 613 1930 681 πανηγυρικῶς
1962 612 2075 663 ἀλλ’
2106 612 2247 677 ἀγυι-

692 707 947 768 νιστικῶς
979 707 1079 757 τῶν
1117 704 1310 772 ἑφεξῆς
1339 703 1506 767 τριῶν
1536 704 1757 773 ἡμερῶν
1787 705 1844 754 τὸ
1880 702 2092 755 στάδιον
2123 703 2251 754 ἀνα-

693 798 970 863 δέξασθαι.
990 798 1431 865 Γρηγορήσωμεν
1459 799 1636 849 τοίνυν
1662 796 1752 847 καὶ
1777 794 1989 862 ἑφεξῆς,
2029 796 2252 856 καὶτοῖς

692 890 1062 957 ἀγρυπνοῦσιν
1077 887 1232 957 331
1256 889 1526 951 Ἰουδαίοις
1551 887 2121 955 συναγρυπνήσαιμεν,
2141 895 2247 940 etc.

691 981 843 1034 Feria
862 990 1050 1048 quarta
1074 982 1269 1034 iterum
1292 981 1510 1034 incensa
1533 992 1821 1046 cercosque
1844 977 2071 1045 spargit,
2110 977 2193 1027 ἵνα
2226 978 2250 1028 ὁ

689 1069 816 1130 λαὸς
848 1070 939 1127 τὰς
989 1072 1176 1137 χεῖρας
1212 1070 1374 1121 πάλιν
1421 1070 1509 1118 ἐπὶ
1543 1068 1602 1118 τὸ
1638 1070 1736 1135 τῆς
1779 1068 2031 1136 νηστείας
2066 1066 2248 1134 οὐριο-

692 1161 942 1226 δρομήσῃ
974 1160 1227 1225 πέλαγος,
1255 1162 1347 1211 καὶ
1378 1160 1475 1227 τὴν
1507 1159 1673 1211 νύκτα
1703 1160 1810 1211 τῶν
1845 1160 2014 1225 ἁγίων
2061 1157 2248 1209 παθῶν

688 1250 782 1299 τοῦ
836 1250 1072 1318 Χριστοῦ
1130 1251 1377 1315 λαμπάσι
1428 1251 1871 1319 καταπυρσεύσῃ.
1926 1250 2125 1303 Sancto
2162 1249 2249 1301 die

692 1342 907 1393 l’asehar
942 1341 1231 1409 persolutis
1263 1341 1538 1394 matutinis
1567 1342 1818 1410 precibus
1852 1342 2104 1409 populum
2131 1355 2247 1393 om-

692 1446 810 1482 nem
842 1432 905 1482 ad
949 1440 1197 1484 sanctum
1233 1431 1477 1484 osculum
1529 1446 1689 1497 supra
1739 1431 2071 1497 descriptum
2106 1431 2248 1484 exci-

692 1522 790 1582 pit,
821 1532 884 1569 ac
910 1517 1072 1569 simul
1108 1517 1313 1570 minuta
1358 1534 1486 1583 trra,
1520 1519 1821 1587 τρικέφαλοι
1847 1518 1915 1572 ob
1950 1520 2110 1572 trium
2146 1523 2248 1573 im-

691 1619 995 1675 peratorum
1029 1608 1185 1662 simul
1212 1611 1551 1678 regnantiurn
1583 1610 1804 1675 clligiem
1841 1610 1905 1663 iis
1932 1613 2248 1678 impressam

691 1711 899 1761 vocata,
935 1700 1159 1754 dividit:
1194 1703 1349 1754 Κατὰ
1378 1702 1590 1771 πατέρα
1614 1702 1961 1768 φιλόστοργον
1981 1702 2074 1753 νῦν
2104 1702 2249 1768 πρώ-

690 1809 798 1853 τως
861 1792 1039 1844 ἰδόντα
1104 1793 1301 1854 παῖδας
1356 1793 1665 1860 ἀμύμονας,
1712 1792 1818 1844 ἀπὸ
1879 1793 2093 1860 μακρᾶς
2156 1793 2250 1844 καὶ

2360 612 2733 677 imperatorum
2752 606 3262 669 circumspectionem
3284 613 3330 656 et
3347 606 3765 671 patriarcharum
3800 623 3884 657 am
3903 638 3913 645 -

2358 702 2667 768 ptitudinem
2704 702 2842 753 inter
2916 698 3025 751 alia
3070 700 3351 751 reddebant
3387 698 3510 750 olim
3558 699 3917 768 augustiorem

2357 797 2521 847 etiam
2550 808 2741 845 annua:
2775 807 2915 860 roga:
2965 806 3025 841 ac
3057 790 3301 857 bajorum
3358 790 3686 857 largitiones.
3720 788 3919 854 Quippe

2357 890 2596 944 sedebant
2636 888 2789 939 annis
2810 886 3028 955 singulis
3053 885 3300 953 cujusque
3330 884 3574 950 temporis
3604 885 3919 951 patriarcha'

2359 1000 2420 1035 ac
2441 985 2804 1050 imperatores,
2830 991 2875 1033 et
2906 997 2996 1047 per
3024 981 3130 1032 ἠως
3152 980 3383 1031 subditos
3415 977 3480 1030 ad
3511 977 3918 1030 benevolentiam

2356 1075 2664 1126 invitabant.
2702 1070 2859 1124 Novit
2891 1073 2983 1124 hoc
3006 1082 3211 1140 patrum
3246 1073 3655 1137 conscriptorum
3695 1069 3917 1135 amplis-

2361 1167 2529 1218 simus
2593 1164 2738 1228 ordo,
2792 1180 2850 1215 ac
2884 1165 3127 1230 fortassis
3194 1164 3348 1214 etiam
3413 1161 3651 1212 nonnulli
3683 1161 3770 1225 qui
3823 1161 3922 1209 hac

2358 1267 2509 1309 tetate
2536 1267 2716 1308 nostra
2739 1257 2939 1308 vivunt.
2973 1253 3093 1307 Non
3126 1254 3261 1307 enim
3283 1261 3400 1304 ante
3429 1261 3657 1317 tempora
3684 1250 3920 1303 Euclitlis

2358 1346 2567 1411 prodita
2598 1357 2718 1399 sunt
2750 1346 2939 1413 garris,
2968 1360 3061 1396 nec
3092 1342 3469 1396 somniantium
3498 1340 3787 1392 vetularum
3840 1339 3919 1405 [a-

2358 1435 2503 1486 bella:
2522 1445 2663 1500 sunt,
2693 1435 2780 1487 sed
2805 1450 2964 1502 usque
3005 1434 3073 1484 ad
3106 1434 3379 1501 imperium
3423 1431 3619 1483 domini
3656 1431 3920 1484 Constan-

2358 1523 2638 1577 tiniDuca:
2663 1526 2869 1577 duravit
2922 1533 3174 1591 augustas
3221 1522 3310 1575 ille
3347 1538 3456 1574 mos
3497 1530 3605 1573 tam
3651 1524 3703 1573 in
3754 1524 3921 1589 ipsius

2358 1616 2454 1669 Dei
2487 1633 2644 1685 quam
2678 1618 3053 1683 imperatorum
3078 1616 3254 1683 regia;
3284 1624 3332 1666 et
3362 1616 3573 1666 omnino
3613 1612 3802 1665 bonum
3827 1614 3922 1663 hoc

2359 1710 2425 1761 ad
2457 1726 2545 1761 nos
2568 1724 2769 1777 quoque
2799 1718 3146 1775 propagatum
3176 1706 3337 1775 332
3381 1708 3506 1769 fuit,
3547 1723 3578 1757 (ι
3629 1705 3921 1773 majoribus

2358 1801 2667 1868 adnepotes,
2709 1815 2741 1851 a
2769 1800 3097 1868 generatione
3121 1799 3191 1851 ad
3227 1798 3604 1867 generationem
3636 1797 3919 1848 transiens.

692 1884 1048 1944 κινδυνώδους
1081 1883 1389 1951 ἀποδημίας
1432 1884 1682 1945 ἀϐλαϐῶς
1725 1883 2159 1952 ἐνδημῆσαντας,
2198 1887 2261 1939 ὲν,
2290 1885 2329 1937 Β

2254 1905 2261 1939 ‘.
2290 1885 2329 1937 Β
2360 1894 2479 1955 Sin,
2513 1894 2650 1960 quod
2692 1892 2929 1961 equidem
2966 1906 3067 1943 non
3100 1890 3350 1951 arbitror,
3385 1892 3477 1941 hoc
3508 1890 3664 1940 etiam
3705 1889 3922 1939 oblivio-

691 1975 957 2043 φιλήματι
984 1976 1123 2044 ἁγίῳ
1174 1975 1490 2044 περιχαρῶς
1528 1976 1958 2040 κατασπάζεται,
1990 1975 2083 2025 καὶ
2115 1974 2254 2025 ἀειοὶ-

692 2066 784 2129 Ea;
822 2065 949 2126 τοὺς
1004 2064 1315 2132 θησαυροὺς
1352 2065 1448 2132 τῆς
1480 2065 1730 2132 εὐλογίας
1776 2065 1938 2117 αὐτοῦ
1990 2066 2256 2128 δεξιοῦται

696 2156 893 2218 αὐτοὺς
922 2156 1254 2225 νομίσμασιν
1290 2155 1492 2222 ὀλίγοις
1524 2156 1619 2224 μὲν
1650 2157 1789 2207 κατὰ
1822 2156 1881 2207 τὸ
1909 2156 2253 2223 φαινόμενον,

696 2247 913 2309 πολλοῖς
959 2248 1015 2299 δὲ
1054 2247 1195 2300 κατὰ
1223 2248 1282 2299 τὸ
1329 2247 1637 2315 νοούμενον.
1669 2246 1793 2299 Ilaec
1836 2262 1897 2299 ex
1936 2247 2257 2299 BalsamOne

695 2339 950 2392 Meditato
1010 2338 1075 2392 de
1126 2338 1363 2390 incensis
1395 2352 1514 2406 quae
1566 2352 1593 2389 a
1630 2337 1936 2404 patriarcha
1996 2336 2112 2389 dari
2169 2352 2257 2389 so-

697 2441 826 2489 lent.
874 2442 977 2484 etc.
1028 2429 1176 2484 Juris
1217 2428 1334 2483 CR.
1370 2431 1404 2483 I.
1443 2431 1537 2484 vit.
1575 2429 1803 2494 Quibus,
1852 2428 1895 2481 si
1946 2428 2254 2496 conjectura

698 2525 927 2591 placeat,
974 2524 1165 2573 lubens
1197 2520 1495 2573 addiderim
1545 2521 1753 2572 aulicos
1787 2534 2035 2585 proceres
2083 2520 2148 2569 ad
2183 2535 2257 2569 ru.

703 2616 841 2683 giam
877 2613 1220 2680 παράστασιν
1248 2610 1530 2678 olliciaque
1574 2611 1941 2663 ecclesiastica
1972 2610 2037 2665 iis
2067 2608 2257 2662 diebus

696 2716 748 2759 et
776 2705 964 2758 iisdem
993 2703 1144 2756 horis
1170 2703 1232 2755 ad
1272 2702 1526 2770 palatium
1556 2702 1965 2761 convenientes.
2001 2717 2100 2755 nec
2128 2702 2256 2754 dato

705 2801 860 2851 thure
903 2796 982 2849 vel
1010 2796 1198 2848 osculo
1230 2810 1256 2845 a
1290 2794 1592 2861 patriarcha
1627 2802 1905 2861 exceptos,
1942 2809 2006 2847 eo
2032 2794 2141 2861 jam
2172 2809 2259 2845 ac-

698 2903 861 2941 censo
891 2886 1215 2954 vespertinis
1242 2888 1295 2937 in
1322 2884 1576 2950 precibus
1596 2885 1871 2950 honorari,
1900 2898 1966 2938 ne
1994 2884 2073 2936 vel
2101 2886 2256 2952 pretii

700 2980 779 3033 vel
812 2976 1205 3032 benedictionis
1231 2985 1447 3045 sperata
1484 2984 1635 3043 parte
1662 2976 1938 3029 videantur
1968 2976 2252 3031 excidisse.

696 3070 894 3143 Cum]

769 3164 906 3215 Ibid.
943 3163 1290 3217 llecentiorcs
1314 3161 1482 3217 (ΞΓωοὶ
1515 3162 1828 3217 adulatoria:
1864 3162 1995 3216 artis
2023 3177 2126 3215 non
2152 3162 2256 3215 im-

2357 1985 2435 2034 nis
2460 1998 2643 2050 gurges
2676 1981 2968 2042 absorbuit,
2998 1990 3042 2033 et
3077 1980 3307 2047 gratiosa
3335 1979 3516 2029 isthtec
3554 1992 3689 2043 aqua
3721 1974 3920 2028 Casta-

2357 2074 2443 2125 lia:
2472 2071 2852 2139 providentiam
2878 2070 3160 2139 superioris
3200 2069 3461 2121 memoria:
3490 2066 3780 2132 principum
3817 2081 3918 2116 non

2355 2164 2630 2228 pra’dicat,
2692 2162 2880 2215 saltem
2913 2162 3229 2214 membrana:
3266 2159 3518 2211 librorum
3550 2157 3917 2209 historicorum

2356 2265 2402 2307 et
2437 2255 2832 2306 ordinationum
2864 2252 3161 2305 aulicorum
3193 2259 3525 2302 monumenta
3559 2246 3815 2301 Stentoris
3868 2248 3918 2296 in

2358 2360 2550 2396 morem
2577 2344 2684 2395 haec
2719 2342 3142 2407 proclamabunt.
3205 2340 3284 2392 Tu
3313 2355 3536 2408 quoque,
3571 2340 3657 2405 qui
3691 2338 3918 2404 cujusvis

2356 2433 2552 2483 eruditi
2585 2432 2770 2498 scripti
2801 2431 3142 2483 acutissimus
3175 2447 3228 2483 es
3254 2429 3527 2497 interpres,
3562 2429 3794 2479 etiamin
3824 2427 3919 2477 hac

2358 2538 2459 2574 non
2494 2524 2618 2574 levis
2654 2522 2904 2573 momenti
2933 2523 3218 2588 qurestione
3250 2521 3601 2585 compluribus
3641 2520 3743 2569 eris
3769 2531 3894 2579 supc

2358 2616 2488 2674 rior,
2510 2616 2665 2678 acgnte
2680 2629 2849 2666 senem
2868 2613 3085 2664 dicendo
3108 2612 3335 2679 juvabis.
3355 2611 3493 2674 Quin
3512 2616 3667 2664 etiam
3694 2612 3919 2675 impera-

2362 2707 2489 2757 toris
2520 2706 2718 2757 domini
2741 2703 3069 2758 Constantini
3105 2703 3435 2755 Monomachi
3460 2704 3628 2754 edicta
3664 2703 3919 2751 sacratis-

2358 2803 2512 2859 sima,
2553 2799 2739 2864 quibus
2758 2778 2996 2850 ordinata
3020 2808 3138 2848 sunt
3164 2797 3329 2862 o/ﬁcia
3348 2792 3919 2860 prtefectijudiciorum

2360 2899 2405 2941 et
2427 2889 2834 2957 nonwphylacis,
2859 2897 3035 2955 etquo:
3052 2897 3287 2939 statuunt
3309 2903 3392 2938 eos
3415 2886 3591 2937 debere
3606 2886 3839 2951 singulos
3870 2885 3919 2932 iu

2361 3000 2545 3045 annos,
2577 2992 2765 3049 pra'ter
2800 2983 2929 3043 alia,
2966 2988 3209 3047 consequi
3241 2988 3442 3031 ratione
3476 2994 3612 3045 roga:
3642 2978 3921 3044 quemlibet

2361 3077 2475 3127 auri
2495 3076 2648 3126 talem
2690 3091 2751 3125 ac
2776 3076 2928 3125 talem
2941 3076 3287 3141 quantitatem
3301 3088 3403 3123 una
3420 3088 3534 3122 cum
3554 3068 3811 3121 consuetis
3834 3067 3921 3117 lim

2354 3166 2450 3233 jis,
2473 3182 2571 3217 non
2595 3167 2648 3217 in
2666 3166 2789 3217 casio
2809 3173 2929 3217 sunt
2952 3180 3039 3217 nec
3061 3175 3207 3214 trans
3234 3179 3392 3224 mare,
3413 3164 3491 3213 uti
3517 3164 3685 3213 dicere
3704 3160 3820 3225 quis
3841 3160 3895 3207 (ιε
3910 3186 3924 3193 -

698 3254 854 3321 periti
891 3270 991 3307 suo
1021 3254 1330 3322 imperatori
1363 3252 1530 3307 ferme
1568 3257 1748 3307 omnia
1782 3256 1941 3308 etiam
1973 3254 2258 3324 episcopa-
2288 3249 2329 3269 “⁴
2364 3263 2498 3321 beat,
2520 3260 2756 3324 quisnam
2777 3256 3243 3323 hacaﬁ'eretmihi.’
3266 3254 3367 3307 Sed
3385 3264 3504 3305 sunt
3526 3254 3577 3305 in
3596 3267 3750 3305 manu
3772 3261 3861 3300 tua
3879 3263 3923 3299 ct

698 3348 766 3400 lia
794 3354 846 3400 ct
872 3345 1227 3400 sacerdotalia
1280 3347 1461 3399 munia
1501 3346 1826 3408 tribuerunt,
1883 3348 2018 3400 inter
2070 3357 2257 3400 extera

695 3437 998 3506 ingressum
1028 3435 1277 3500 adpltare
1299 3435 1457 3502 etjus
1482 3450 1689 3489 sacram
1714 3451 1949 3489 mensam
1984 3437 2139 3488 thure
2170 3453 2263 3489 va-

698 3526 947 3597 porandi,
976 3526 1191 3580 condito
1222 3527 1381 3579 etiam
1409 3542 1617 3581 canone
1646 3543 1673 3579 a
1700 3525 1959 3579 Trullano
1986 3525 2258 3595 syuedriu,

697 3632 750 3674 et
778 3628 856 3672 est
888 3632 1060 3671 canon
1088 3616 1184 3670 69:
1245 3615 1398 3669 Nulli
1428 3619 1657 3669 omnium
1712 3618 1888 3679 liccat,
1928 3618 2012 3684 qui
2058 3617 2259 3685 quidem

696 3714 764 3766 sit
797 3713 850 3765 in
878 3711 1136 3763 laicoru'n
1165 3724 1400 3767 numero,
1430 3709 1572 3761 intra
1599 3725 1806 3760 sacram
1832 3710 2009 3760 altare
2040 3709 2260 3776 ingredi,

697 3803 760 3855 ab
798 3817 854 3854 eo
890 3811 1062 3853 tamen
1096 3814 1419 3867 nequaquam
1442 3798 1701 3865 prohibita
1718 3807 1973 3863 potestate
2003 3808 2049 3849 et
2074 3808 2262 3849 aucto-

701 3895 858 3946 ritate
882 3890 1240 3959 imperatoris,
1271 3890 1481 3957 quando
1514 3888 1721 3957 quidem
1778 3888 1993 3941 voluerit
2022 3888 2265 3942 Creatori

697 3985 837 4037 dona
869 3982 1055 4050 oﬂerre
1080 3997 1143 4034 ea:
1177 3980 1549 4047 antiquissima
1587 3979 1888 4031 traditione.
1923 3978 2025 4032 Ubi
2084 3978 2267 4031 Balsa-

700 4091 862 4129 mon:
901 4074 975 4126 De
1011 4072 1414 4138 imperatoribus
1447 4072 1689 4122 dixerunt
1718 4072 1935 4138 quidam
1964 4071 2125 4123 verbis
2172 4086 2263 4122 ca-

700 4166 850 4219 nonis
882 4166 1194 4227 insistentes,
1236 4163 1372 4231 quod
1394 4172 1515 4214 tunc
1558 4179 1656 4213 non
1689 4160 2096 4228 prohibebantur
2124 4164 2263 4214 intra

700 4258 877 4324 templi
910 4256 1068 4323 adyta
1100 4254 1299 4322 ingredi
1329 4254 1536 4322 quando
1569 4262 1687 4303 sunt
1730 4252 1832 4304 Deo
1875 4269 2087 4304 munera
2119 4253 2267 4305 obla-

701 4349 827 4411 turi,
855 4361 956 4397 non
988 4354 1162 4396 autem
1193 4345 1237 4395 si
1289 4344 1452 4395 solius
1517 4344 1841 4394 adorationis
1878 4344 2051 4409 gratia
2096 4344 2263 4408 ipsum

696 4438 901 4505 ingredi
942 4436 1221 4491 voluerint.
1245 4431 1347 4487 Sed
1372 4433 1497 4485 mihi
1521 4449 1622 4485 non
1647 4438 1722 4484 ita
1747 4435 1967 4485 videtur.
2004 4433 2263 4485 Orthodo-

2364 3354 2411 3403 in
2428 3352 2581 3402 corde
2601 3358 2691 3400 luo
2713 3360 2758 3401 et
2777 3351 2926 3400 inore
2947 3358 3052 3398 tuo.
3079 3348 3241 3414 Atque
3264 3346 3470 3397 omnino
3491 3345 3563 3396 rei
3580 3345 3841 3396 ueritatem
3862 3355 3924 3392 ex

2363 3442 2440 3492 his
2478 3438 2661 3491 utentis
2696 3439 2932 3489 acumine
2965 3437 3194 3501 colliges.
3228 3435 3360 3488 Cum
3383 3444 3556 3487 autem
3586 3435 3923 3498 imperatores

2363 3540 2409 3582 et
2436 3528 2750 3597 patriarcha!
2783 3528 3255 3595 magniﬁcentiam,
3291 3542 3383 3578 ceu
3410 3527 3610 3577 dictum
3650 3536 3746 3576 est.
3775 3541 3923 3575 suam

2362 3622 2717 3674 demonstrent
2746 3635 2836 3686 per
2864 3620 2988 3685 baja
3016 3610 3064 3671 et
3094 3635 3269 3686 rogas,
3294 3634 3418 3671 sane
3454 3634 3553 3684 par
3578 3626 3691 3668 erat
3726 3626 3781 3666 ut
3832 3632 3925 3681 pa-

2365 3715 2631 3777 triarchte,
2654 3715 2741 3780 qui
2767 3714 2995 3777 priscam
3041 3710 3291 3763 hactenus
3333 3708 3758 3763 consuetudinem
3806 3724 3926 3756 con~

2364 3814 2570 3857 seruant
2602 3812 2652 3854 et
2684 3818 2871 3855 aureos
2894 3802 3096 3855 clericis
3115 3817 3353 3854 nummos
3376 3800 3750 3861 admetiuntur,
3770 3801 3924 3849 cl‘am

2362 3896 2492 3958 ipsis
2537 3892 2658 3960 baja
2709 3893 2917 3959 darent,
2970 3892 3409 3961 quemadmodum
3475 3891 3766 3943 indicatum
3824 3900 3921 3940 est.

2363 3984 2568 4039 Gens.

2436 4078 2571 4131 Ibid.
2610 4077 2972 4149 [Sugillantur
3027 4078 3111 4131 hic
3149 4094 3178 4131 a
3227 4077 3549 4143 quihusdam
3586 4076 3921 4130 recentiores

2364 4167 2533 4222 (ἔτκεὶ
2569 4181 2820 4236 tanquam
2861 4169 3180 4223 adulatoria
3211 4170 3343 4223 artis
3375 4184 3481 4223 non
3516 4169 3773 4236 imperiti,
3833 4170 3921 4233 qui

2366 4258 2670 4324 imperatori
2699 4258 2869 4312 ferme
2898 4256 3083 4310 omnia
3110 4258 3271 4311 etiam
3300 4258 3627 4326 episcOpalia
3658 4269 3710 4311 et
3741 4271 3924 4312 sacer-

2365 4348 2560 4400 dotalia
2603 4349 2787 4401 munia
2824 4348 3153 4409 tribuerunt,
3190 4350 3330 4401 inter
3377 4357 3568 4402 castera
3618 4350 3922 4418 ingressum

2366 4438 2429 4489 ad
2472 4438 2644 4491 altare
2671 4448 2724 4489 et
2752 4440 2838 4507 jus
2876 4454 3087 4493 sacram
3140 4454 3380 4493 mensam
3420 4442 3575 4494 thure
3606 4444 3923 4507 vaporaudi.

697 4532 750 4582 xi
781 4530 918 4580 enim
953 4528 1317 4593 imperatores,
1370 4526 1458 4587 qui
1502 4539 1592 4589 per
1622 4523 1678 4575 S.
1742 4522 2019 4574 Trinitatis
2056 4526 2264 4575 invoca-
2300 4538 2340 4588 ῃ
2370 4526 2625 4580 adderent
2651 4528 2813 4580 etiam
2855 4540 2905 4582 et
2950 4531 3237 4584 conciones
3268 4532 3332 4583 ad
3380 4533 3634 4599 populum
3670 4534 3923 4588 habendi.

702 4623 892 4673 tionem
914 4619 1249 4684 patriarchas
1277 4616 1564 4679 provehunt
1600 4624 1647 4666 et
1682 4626 1798 4664 sunt
1839 4614 2036 4666 Christi
2089 4615 2265 4666 Domi-

704 4712 778 4774 ni,
817 4711 925 4761 sine
970 4707 1077 4758 ullo
1107 4705 1496 4770 impedimento,
1531 4703 1737 4767 quando
1784 4702 2061 4765 voluerint,
2089 4703 2155 4754 ad
2183 4720 2268 4754 sa-

703 4814 849 4850 crum
887 4797 1055 4847 altare
1090 4795 1337 4844 accedunt
1374 4802 1419 4842 et
1446 4790 1665 4855 sul/iant
1708 4798 1753 4839 et
1795 4806 1905 4839 cum
1933 4805 2050 4839 cera
2082 4790 2267 4841 charu-

703 4901 887 4942 cterem
912 4888 1237 4951 imprimunt,
1289 4884 1416 4933 sicut
1455 4892 1503 4931 et
1551 4879 1829 4930 antistites.
1865 4876 1964 4930 Sed
1992 4881 2150 4930 etiam
2177 4896 2267 4945 po-

703 4984 882 5048 pulum
910 4979 978 5031 ad
1002 4992 1117 5029 eum
1142 4972 1520 5026 instituendum
1544 4967 1766 5030 docent,-
1798 4967 1933 5035 quod
1959 4969 2081 5020 solis
2121 4969 2264 5021 illius

704 5071 923 5137 regionis
963 5063 1287 5118 antistitibus
1354 5076 1653 5111 concessum
1709 5068 1803 5111 est.
1856 5056 2079 5126 Palpum
2136 5074 2265 5129 ergo

704 5161 917 5228 egregie
948 5154 1187 5209 obtrudit
1239 5151 1519 5202 Balsamon
1559 5149 1902 5215 imperatori;
1940 5159 1991 5201 ct
2034 5150 2265 5203 habebat

708 5252 827 5305 facti
866 5249 946 5300 sui
974 5261 1190 5309 causas,
1223 5244 1349 5311 quia
1384 5240 1653 5294 ambiebat
1684 5240 2101 5307 patriarchatum
2126 5242 2265 5308 (Σρο-

705 5346 950 5397 litanum.
986 5338 1139 5404 cujus
1172 5332 1450 5389 obtinendi
1511 5347 1619 5385 non
1652 5335 1940 5401 apparebat
1970 5333 2155 5385 melior
2182 5349 2264 5385 ra-

708 5442 776 5486 lio
810 5447 966 5499 quam
1003 5439 1059 5480 ut
1091 5443 1182 5495 per
1214 5423 1612 5478 assentationes
1643 5439 1759 5477 sese
1797 5427 1847 5476 in
1897 5439 2102 5476 summa
2145 5441 2263 5491 gra-

708 5530 774 5577 tia
813 5521 952 5590 apud
989 5521 1373 5588 i:::pcratorem
1406 5524 1650 5585 poneret.
1690 5515 1793 5567 Sed
1827 5514 2030 5580 vulpes,
2074 5526 2265 5566 tamet-

706 5621 744 5667 εἱ
782 5617 953 5674 val'ra,
994 5614 1059 5663 ab
1095 5612 1211 5662 aliis
1253 5624 1401 5674 teque
1440 5606 1601 5659 vafris
1634 5606 1886 5673 vulpibus
1940 5606 2122 5656 delusa
2157 5620 2261 5658 ρηι.

706 5706 869 5768 Chjtts
903 5703 969 5751 oh
996 5700 1197 5751 desitas
1232 5690 1436 5748 annuas
1470 5710 1624 5762 rogas
1657 5702 1709 5746 et
1734 5696 2074 5761 pecuniarias
2102 5696 2260 5759 lin-gi—

706 5799 872 5847 tionc:
909 5792 1054 5853 audi,
1106 5803 1309 5859 quanti,
1354 5786 1787 5838 lamentationem
1844 5802 1905 5837 ex
1943 5785 2163 5850 epistola
2198 5790 2260 5836 ιὶι·

2374 4618 2516 4668 Itane
2540 4633 2666 4671 vero
2697 4617 3006 4673 Theodosio
3033 4622 3260 4688 principi
3291 4622 3379 4674 alii
3421 4638 3482 4675 es
3517 4622 3811 4677 Occidente
3845 4627 3925 4675 vel

2371 4706 2590 4761 Oriente
2618 4710 2900 4775 pontifices
2922 4712 3302 4772 adulabantur,
3327 4714 3418 4779 qui
3450 4726 3572 4767 ante
3598 4718 3927 4770 severiorem

2370 4799 2637 4852 Ambrosii
2691 4804 3085 4868 correptionem
3146 4803 3246 4869 ipsi
3289 4807 3819 4872 praecessoribusque
3867 4810 3929 4859 ad

2372 4900 2616 4942 sanctum
2676 4892 2912 4944 tribunal
2970 4892 3271 4959 ingressum
3330 4896 3734 4960 pel-miserant?
3791 4899 3933 4950 itane

2372 4977 2647 5032 Valentem
2691 4980 2967 5046 religionis
3003 4982 3217 5035 hostem
3249 4985 3485 5051 palpavit
3548 4986 3800 5050 Basilius,
3844 4992 3932 5042 ubi

2369 5067 2557 5121 lubens
2582 5084 2703 5121 eum
2729 5070 2876 5129 ἐντὸς
2908 5070 2999 5122 τοῦ
3028 5074 3395 5138 πετάσματος,
3427 5076 3502 5128 ait
3528 5074 3931 5143 Nazianzenus,

2365 5161 2611 5226 excepit?
2650 5161 2928 5223 Nugantnr
2968 5172 3111 5216 certe
3168 5164 3261 5227 qui
3289 5166 3683 5220 recentioribus
3728 5168 3935 5222 Grmcis

2367 5251 2661 5319 appingunt
2691 5254 2834 5318 quod
2860 5254 3147 5306 concilium
3187 5253 3501 5309 Trullanum
3530 5259 3665 5311 (Jan.
3696 5260 3763 5312 69
3797 5264 3938 5313 κατὰ

2365 5359 2481 5393 τινα
2498 5343 2859 5409 ἀρχαιοτάτην
2876 5346 3166 5413 παράδοσιν
3192 5355 3414 5399 testatur
3437 5348 3714 5407 usitatum,
3742 5361 3796 5401 ut
3820 5366 3935 5401 cum

2365 5432 2834 5483 uolueritCreatort
2858 5450 3042 5485 munus
3071 5436 3252 5501 oferre
3276 5440 3413 5488 intra
3438 5455 3641 5490 sacrum
3662 5441 3837 5491 altare
3860 5445 3938 5507 i5-

2366 5522 2656 5583 grcdiatur.
2711 5520 2977 5573 Chosroes
3025 5524 3310 5575 Persarum
3358 5540 3445 5577 rex
3498 5526 3726 5579 inﬁdelis
3771 5529 3887 5580 liret
3921 5569 3932 5589 ,

2369 5617 2543 5659 tamen
2587 5611 2756 5674 Sergii
2799 5612 3050 5675 martyris
3114 5613 3370 5664 beneﬁcio
3410 5628 3465 5665 sc
3503 5616 3804 5680 suscepisse
3845 5630 3933 5667 ar-

2371 5699 2595 5749 Γιξιίυιιικ
2618 5713 2828 5750 crucem
2862 5712 3077 5751 auream
3110 5702 3161 5753 in
3185 5706 3364 5770 templi
3397 5705 3513 5771 ejus
3530 5706 3687 5758 altari
3719 5707 3931 5758 deuios:-

2367 5793 2458 5840 \it.
2494 5788 2590 5849 Qui
2620 5790 2731 5855 eju=
2778 5792 2931 5855 jussu
2963 5793 3258 5855 deferebat,
3322 5797 3389 5848 ait
3427 5796 3742 5860 Simocatta,
3799 5799 3835 5849 l.
3878 5812 3927 5861 γ,
