4224 6450
317 422 423 489 369

1420 416 1798 482 GRETSERI
1832 416 1928 478 ET
1970 412 2205 477 GOARI
2245 406 2481 474 ΝΟΤᾹΞ.

3433 400 3536 463 370

320 542 569 598 stabilem
597 548 649 596 et
679 538 845 595 ﬁxum
880 541 1057 597 locum
1089 539 1254 595 habet
1312 538 1451 595 inter
1472 540 1591 595 dies
1645 538 1867 603 mensis,

1944 534 2069 617 ,λης
2106 529 2390 599 Κυριακῆς
2433 527 2526 597 τοῦ
2586 525 2773 592 Πάσχα.
2818 522 2910 575 καὶ
2957 521 3054 588 τῆς
3112 516 3406 617 “donabo;
3439 515 3537 583 τῆς

317 636 394 696 ὡς
411 633 472 687 τὸ
496 633 767 699 τὲμενοςό
814 620 1141 693 ἁποστάλιὶς
1176 632 1505 699 ἀφικνεῖται,
1534 634 1601 684 τά
1633 645 1691 682 τε
1725 629 1876 699 δῶρα.

318 722 389 775 τὰ
431 717 529 773 τοῦ
574 718 834 789 βασιλέως
906 719 1023 788 ἅμα
1072 722 1186 783 τοῖς
1229 722 1517 791 γράμμασι
1557 722 1615 773 ιν
1640 722 1706 789 τῇ
1758 721 1878 789 ίιρᾷ

321 813 604 881 περιέθετο
632 811 898 882 τραπέζῃ.
935 811 1072 868 Num
1123 814 1304 882 potius
1340 812 1603 868 mendacii
1653 813 1879 867 convin-

321 907 528 959 cendus
555 914 673 959 erat
700 902 986 960 Balsamon
1016 903 1069 959 in
1112 909 1364 962 eumdem
1419 921 1683 963 canonem
1715 908 1876 963 nobis

321 1009 630 1064 opponens:
656 998 792 1067 Περὶ
836 997 893 1050 δέ
917 1014 980 1067 γι
1004 998 1115 1051 τῶν
1143 1000 1389 1054 Λατίνων
1421 1001 1678 1068 μανθάνω
1704 1002 1787 1055 ὅτι
1814 1003 1874 1054 οὐ

326 1089 488 1153 μόνον
543 1087 721 1141 latitat
785 1088 977 1160 ἄνδρες
1033 1089 1168 1144 ἀλλὰ
1220 1093 1314 1154 καὶ
1365 1094 1619 1161 γυναῖκες
1683 1095 1763 1156 είς
1817 1094 1879 1146 τδ

320 1177 476 1245 ἅγιον
524 1178 672 1249 βῆμα
708 1180 1066 1250 εἰσέρχονται,
1103 1183 1199 1236 καὶ
1247 1182 1516 1253 κάθηνται
1569 1185 1879 1254 ίσταμίνων

323 1269 584 1333 πολλάκις
626 1268 718 1323 καὶ
736 1270 846 1325 τῶν
872 1271 1318 1340 ἱερουργούντων.
1349 1271 1500 1329 Thus
1533 1274 1750 1343 quidem
1784 1274 1878 1329 lai-

320 1360 369 1411 ci
404 1358 575 1414 Latini
602 1376 712 1416 non
739 1372 1005 1431 vaporant
1035 1362 1089 1415 in
1125 1363 1320 1418 altari:
1363 1373 1415 1416 at
1451 1377 1571 1418 eum
1616 1364 1877 1418 lectorum

321 1454 493 1505 rhoro
515 1452 656 1508 datis
689 1454 850 1508 etiam
877 1455 1141 1509 lectorum
1167 1456 1490 1522 insignibus,
1519 1457 1583 1510 de
1609 1457 1809 1525 quibus
1827 1472 1879 1510 c.

325 1544 414 1609 l7,
440 1543 613 1598 Graeci
658 1560 816 1599 suum
852 1546 1231 1616 imperatorem
1266 1548 1695 1617 aggregaverint,
1733 1549 1883 1602 nullo

327 1634 650 1704 irreligionis
718 1636 950 1691 crimine
1038 1639 1350 1697 accusandi.
1423 1641 1491 1703 si,
1570 1639 1715 1708 quod
1774 1640 1884 1708 egit

326 1724 577 1780 Salomon
632 1727 865 1796 Paralip.
931 1729 986 1791 6,
1042 1740 1099 1784 ut
1150 1740 1488 1785 converteret
1555 1728 1747 1784 faciem
1831 1738 1885 1783 et

326 1813 663 1870 henedlceret
700 1816 961 1872 universae
997 1818 1327 1872 multitudini
1371 1817 1559 1882 lsrael,
1618 1816 1886 1872 Christia-

1977 620 2420 690 Διακαινησίμου.
2466 618 2530 672 Et
2562 617 2613 669 in
2651 616 2767 684 ipso
2794 614 2971 681 capite
3012 609 3257 680 singulas
3285 606 3405 662 dies
3439 622 3534 659 seu

1978 717 2143 772 ferias
2199 712 2485 781 paschalis"
2532 709 2677 763 illius
2749 703 3103 760 hebdomadis
3179 714 3535 756 enumerans.

1977 805 2272 862 secundam
2300 802 2490 857 feriam
2511 807 2666 854 vocat
2694 798 2788 861 τὴν
2825 798 3084 865 δευτέραν
3118 795 3215 862 τῆς
3246 797 3541 858 Διακαινη-

1978 899 2159 965 σίμου,
2204 894 2415 953 tertiam
2456 893 2554 959 τὴν
2582 890 2779 958 τρίτην
2826 889 2925 958 τῆς
2961 885 3420 953 Διακαινησίμου,
3482 892 3539 933 et

1976 987 2050 1041 ita
2075 985 2329 1054 deinceps
2349 995 2522 1049 usque
2545 981 2609 1034 ad
2632 976 2935 1034 Sabbatum
2966 979 3058 1045 τῆς
3079 974 3534 1042 Διακαινησίμου.

1977 1079 2121 1134 idem
2172 1092 2237 1131 ex
2282 1077 2400 1130 aliis
2442 1073 2758 1128 Graecorum
2804 1071 2953 1124 libri‘s
3005 1070 3292 1123 ritualibus
3341 1067 3532 1133 liquet.

1978 1170 2169 1226 Pollux
2201 1170 2253 1224 in
2294 1150 2568 1224 Chronico
2610 1180 2708 1219 suo
2747 1181 2759 1216 ε
2809 1163 3005 1232 Τρίτον
3045 1163 3209 1227 νόμον
3273 1158 3535 1235 gypso“.

1979 1266 2300 1334 ἀπράκτους
2331 1259 2472 1314 εἶναι
2503 1259 2602 1321 τὰς
2632 1256 2725 1310 δύο
2745 1256 2843 1325 τῆς
2876 1254 3185 1324 παοχὲιλίοις
3215 1251 3539 1318 ἑϐδομάδας.

1985 1354 2114 1425 μίαν
2189 1354 2286 1421 μὲν
2336 1354 2464 1421 πρὸ,
2532 1351 2658 1419 μίαν
2723 1348 2780 1399 δὲ
2836 1346 2994 1415 μετά.
3058 1345 3149 1398 Illa
3206 1350 3387 1395 autem
3438 1341 3537 1410 μία

1984 1447 2119 1517 μετὰ
2152 1457 2233 1500 est
2266 1444 2557 1498 hebdomas
2578 1440 2677 1509 τῆς
2706 1439 3155 1506 Διακαινησίμου.
3218 1456 3223 1458 τ

2053 1537 2186 1591 Male
2210 1550 2340 1603 ergo
2358 1526 2718 1587 Calvinianus
2744 1529 3069 1584 scholiastcs
3098 1527 3291 1581 Junius
3319 1529 3371 1579 iu
3395 1528 3539 1581 uotis

1944 1660 1952 1667 -
1985 1631 2372 1696 interpretatur
2398 1622 2674 1694 ἑϐδομάδα
2711 1621 3133 1690 διακαινησίμου
3171 1621 3542 1673 hebdomadem

1987 1721 2334 1787 rogationum.
2377 1715 2515 1770 Male
2547 1716 2708 1769 etiam
2734 1714 3007 1767 rationem
3039 1712 3277 1765 nominis
3315 1710 3544 1763 reddens

1987 1813 2062 1863 ait
2111 1825 2227 1863 eam
2274 1808 2382 1862 dici
2431 1807 2829 1873 διακενίσιμον,
2880 1804 3231 1857 ετοὶηοηὶιίοηί
3283 1804 3544 1858 dicatam.

328 1922 430 1961 nus
452 1907 703 1982 princeps
726 1908 1036 1964 Christiano
1058 1909 1261 1979 populo
1288 1910 1422 1963 bene
1444 1910 1651 1977 precari
1670 1909 1887 1966 audeat,
1920 1898 1962 1953 Β
1990 1901 2114 1969 quia
2175 1917 2264 1969 per
2298 1885 2446 1951 'iHnd
2488 1906 2689 1965 tempus
2730 1896 3045 1949 exinauiunt
3093 1911 3189 1947 sua
3232 1909 3452 1960 corpora
3502 1902 3547 1943 et

328 1995 445 2050 Non
479 2006 802 2066 arroganter
832 2000 1017 2067 itaque
1047 1998 1130 2052 vel
1171 2007 1376 2053 temere
1395 1998 1709 2067 pontiﬁcum
1729 2013 1890 2052 usur-

327 2098 451 2153 pata
475 2095 739 2157 potestate
758 2105 875 2142 cera
916 2090 1269 2143 characterem
1303 2090 1558 2156 imprimit
1591 2090 1887 2157 imperator

322 2179 546 2235 Crecus
574 2180 742 2251 (quis
775 2182 942 2245 enim,
987 2183 1079 2251 qui
1107 2182 1414 2237 Graecarum
1454 2182 1757 2237 litterarum
1820 2182 1890 2237 sit

329 2270 616 2326 clementis
645 2271 907 2336 imbutus,
937 2271 1213 2342 τρικηρίῳ
1268 2266 1593 2342 σφραγίζειν
1619 2273 1693 2327 ita
1722 2273 1890 2328 inter-

326 2361 623 2442 pretatur?)
646 2362 743 2417 sed
764 2363 990 2431 trifurco
1013 2362 1128 2419 sive
1152 2364 1373 2433 tricipiti
1388 2380 1556 2428 careo,
1583 2363 1887 2429 Trinitatis,

324 2447 353 2504 ἐι
389 2467 497 2521 qua
546 2452 941 2510 benedictionis
995 2455 1303 2511 scaturiunt
1340 2458 1465 2520 rivi,
1519 2456 1782 2526 symbolo,
1823 2472 1889 2511 ex

322 2542 631 2600 dilectionis
659 2544 879 2609 aﬂ‘ectu,
920 2546 1305 2602 ecclesiastica
1354 2547 1634 2617 dignitatis
1665 2563 1893 2604 consor-

325 2635 425 2702 tio,
445 2646 499 2690 et
515 2636 560 2693 si
582 2636 738 2705 velis,
754 2638 1036 2707 potestatis
1051 2641 1421 2707 concess‘one,
1441 2640 1888 2708 benedictionem,

329 2740 492 2794 quam
512 2737 767 2797 parentes
785 2728 931 2795 filiis,
955 2730 1341 2798 impertiuntur
1366 2733 1583 2803 populo.
1621 2733 1901 2787 Caeterum

294 2872 295 2875 η
328 2820 455 2874 licet
489 2822 738 2890 vulgatus
764 2819 1108 2879 Balsamonis
1144 2832 1327 2879 textus
1354 2840 1458 2879 non
1486 2826 1739 2892 exhibeat
1786 2843 1889 2880 un-

327 2910 416 2976 de,
446 2911 592 2979 quod
617 2909 838 2979 insuper
878 2910 1159 2980 obiicitur,
1203 2912 1543 2976 desumatur,
1579 2913 1702 2980 quin
1733 2913 1888 2965 etiam

329 3002 667 3067 imperatores
686 3000 937 3069 populum
967 3001 1035 3054 ad
1060 3000 1219 3071 333
1245 3018 1362 3055 eum
1390 3002 1771 3056 instituendum
1796 3004 1889 3056 do-

327 3094 630 3163 cent.qsod
674 3093 797 3148 solis
851 3094 993 3146 illius
1024 3094 1251 3161 regionis
1304 3094 1628 3148 antistitibus
1683 3110 1893 3147 conces-

328 3202 443 3240 rum
480 3194 579 3249 est,
618 3185 928 3241 communis
957 3193 1137 3240 tamen
1170 3185 1427 3239 Ecclesia:
1456 3200 1649 3239 sensus
1672 3184 1779 3239 illis
1822 3184 1889 3238 ab

330 3279 434 3334 hoc
457 3276 739 3333 charitatis
766 3276 962 3341 olﬁcio,
990 3279 1134 3346 quod
1176 3277 1335 3329 etiam
1388 3276 1571 3343 pueris
1601 3292 1696 3343 per
1719 3276 1886 3330 recie-

330 3369 438 3423 sias
455 3367 509 3422 in
530 3367 739 3423 laudem
760 3377 1075 3422 sanctorum
1093 3366 1523 3421 declamantibus
1548 3366 1883 3431 conceditur,

330 3459 502 3514 noluit
527 3458 895 3513 interdictum.

374 3532 461 3604 Ῥ.
483 3551 572 3604 77.
603 3549 956 3622 [Thesaurum
992 3550 1302 3620 βεστιαρίου
1333 3562 1466 3603 voce
1496 3563 1886 3617 nonnunquam

334 3641 744 3710 intelligendum
800 3655 1037 3710 prasens
1074 3640 1226 3696 locus
1258 3640 1511 3706 ostendit,
1549 3655 1647 3694 nec
1688 3657 1794 3695 non
1832 3657 1882 3695 c.

335 3731 363 3781 7
389 3730 550 3797 hujus
580 3730 783 3798 Operis.
1539 3745 1545 3755 λ

401 3820 545 3876 Ibid.
565 3819 749 3893 [Κατὰ
781 3817 1319 3888 dapedrﬁomanus
1346 3820 1584 3891 Argyrus
1617 3820 1889 3889 octoginta

332 3915 499 3967 libras
542 3913 683 3977 auri,
733 3914 809 3966 ait
834 3912 1137 3975 Cedrenus,
1178 3927 1243 3966 ex
1297 3916 1491 3966 aerario
1532 3913 1889 3981 imperatorio

330 4005 629 4074 quotannis
652 4004 806 4073 pendi
834 4003 1021 4073 jussit.
1052 4004 1186 4059 Alite
1214 4003 1401 4075 viginti
1427 4004 1607 4059 forsan
1633 4004 1888 4075 deinceps

330 4098 549 4151 additae.
1495 4108 1502 4117 '

400 4187 545 4242 Ibid.
578 4188 816 4257 Λίτρας.
841 4187 973 4243 Auri
1002 4188 1192 4243 libram
1236 4188 1469 4244 Budteus
1497 4190 1562 4245 dc
1592 4204 1735 4254 asse,
1773 4189 1811 4241 l.
1834 4205 1888 4255 v,

332 4296 438 4334 non
472 4280 657 4335 minus
682 4280 866 4334 aureis
891 4280 1083 4335 solatis
1120 4288 1337 4334 centum
1364 4282 1623 4343 aestimat,
1655 4278 1887 4332 Lexieou

325 4372 619 4440 juridicum
665 4370 1010 4439 septuaginta
1072 4370 1318 4437 duobus,
1366 4370 1565 4424 Paulus
1614 4369 1889 4425 Diaconus

330 4463 516 4516 decem
564 4477 579 4516 :
625 4460 717 4514 ubi
773 4475 1009 4527 namque
1064 4459 1424 4529 Theophanes
1484 4462 1681 4513 ἑκατὸν
1734 4460 1890 4529 νομί-

1992 2002 2291 2058 macerant,
2336 1995 2542 2046 oraturi
2604 1991 2768 2044 Deum
2821 2006 2915 2059 pro
2959 1990 3326 2041 rommoditate
3400 1990 3547 2041 anui.

1994 2086 2235 2140 Primum
2281 2100 2388 2139 non
2421 2084 2771 2139 scribendum
2813 2084 3186 2149 διικενίσιμος
3215 2081 3307 2134 sed
3338 2078 3548 2132 διακαί-

1992 2178 2246 2246 νὴσιμος,
2279 2184 2350 2231 ἰιι
2372 2175 2577 2230 habent
2602 2175 2937 2243 exemplaria
2977 2172 3293 2234 Alexandri,
3327 2171 3548 2224 rituales

1992 2267 2115 2322 libri
2166 2267 2482 2324 Graecorum
2523 2273 2577 2321 et
2609 2266 2780 2320 codex
2832 2264 3180 2318 bibliothecae
3216 2266 3550 2325 Augustanm

1995 2375 2124 2427 ms.,
2152 2374 2262 2430 quo
2293 2358 2645 2414 centinentur
2686 2357 2965 2427 evangelia
2988 2356 3175 2410 diebus
3208 2354 3384 2410 sacris
3416 2369 3548 2423 pra:-

1992 2451 2093 2520 legi
2125 2451 2309 2514 solita,
2346 2450 2579 2519 quorum
2613 2448 2828 2503 initium
2854 2452 2921 2519 τῇ
2950 2449 3107 2519 τρίτῃ
3130 2447 3231 2514 τῆς
3256 2449 3552 2513 Διακαινη-

1993 2544 2173 2612 σίμου.
2249 2543 2517 2607 Quocicca
2582 2541 2881 2596 hebdomas
2949 2541 3051 2609 τῆς
3124 2538 3552 2607 Διακαινησίμου

1992 2631 2193 2685 dicitur
2220 2630 2375 2700 quasi
2409 2631 2702 2699 septimana
2741 2630 3120 2693 renovationis,
3156 2628 3250 2680 τοῦ
3286 2628 3553 2680 διακαινι-

1996 2722 2157 2791 σμοῦ,
2193 2738 2317 2776 cum
2353 2715 2570 2775 Cliristo
2605 2731 2925 2790 resurgente
2964 2722 3151 2774 omnia
3197 2728 3455 2774 renovata
3500 2729 3554 2771 et

1995 2814 2295 2867 instaurata
2330 2802 2553 2867 fuerint.
2611 2811 2863 2867 Secundo
2900 2822 3105 2866 tantum
3143 2811 3300 2865 abest
3352 2820 3409 2864 ut
3440 2811 3554 2865 hinc

1994 2903 2294 2957 hebdomas
2325 2904 2393 2956 ab
2450 2902 2822 2956 cxinanitione
2855 2902 3330 2972 jojunantiumque
3375 2902 3551 2956 inedia

1994 3010 2192 3049 nomen
2228 2993 2515 3056 invenerit,
2551 3000 2607 3046 ut
2638 3001 2747 3045 tota
2779 2993 2866 3045 illa
2902 2992 3239 3047 hebdomade
3276 2992 3547 3061 jejunium

1993 3087 2204 3140 solvere
2250 3086 2419 3139 moris
2455 3083 2636 3138 fuerit.
2699 3083 2879 3138 Testis
2908 3083 3195 3138 Balsamon
3226 3085 3276 3136 in
3331 3092 3451 3138 cau.
3485 3083 3553 3137 69

1995 3187 2172 3244 apost.
2228 3176 2331 3242 Qui
2380 3191 2500 3229 cum
2554 3175 2954 3244 percensuisset
3011 3175 3127 3230 dies
3165 3176 3364 3244 quibus
3414 3174 3551 3243 jeju-

1994 3270 2234 3323 naudum
2279 3278 2390 3332 est,
2436 3269 2636 3337 excipit
2683 3275 2908 3337 quartas
2974 3270 3091 3321 dies
3132 3278 3185 3323 et
3226 3282 3554 3337 parascevas

1989 3377 2082 3416 seu
2108 3361 2269 3414 ferias
2303 3369 2502 3423 sextas,
2528 3377 2648 3428 quae
2691 3358 2947 3413 ειιηιάπδ
2995 3360 3093 3427 τῆς
3126 3359 3406 3428 ἁποκρίου
3458 3374 3552 3412 seu

1990 3453 2399 3519 ἀπόκρεω,οιιιε
2424 3451 2865 3521 carnispnivium,
2888 3450 3048 3522 334
3084 3460 3136 3504 et
3166 3465 3285 3519 quin
3314 3449 3556 3519 suntan

1987 3546 2083 3611 τῆς
2128 3546 2477 3613 τυροφάγου,
2534 3543 3025 3598 et-hebdomadem
3072 3544 3168 3613 τῆς
3212 3544 3555 3620 Ara-satana!-

1995 3654 2117 3705 μου.
2154 3636 2218 3688 lu
2259 3635 2323 3690 iis
2361 3638 2494 3689 enim
2538 3636 2808 3700 solvimus,
2850 3637 3026 3704 inquit
3072 3634 3378 3696 Balsanton,
3427 3637 3550 3704 quin

1984 3730 2230 3799 jejunaut
2287 3728 2522 3782 Armenii
2555 3741 2768 3799 propter
2800 3729 3088 3784 Ninivitas.
3143 3730 3208 3782 In
3252 3746 3312 3782 eo
3342 3730 3433 3798 qui
3480 3739 3556 3781 est

1993 3833 2112 3875 ante
2162 3823 2585 3889 carnispriuium,
2645 3835 2695 3876 et
2752 3825 2891 3877 ineo
2948 3826 3040 3891 qui
3091 3833 3170 3877 est
3215 3832 3338 3877 ante
3394 3840 3557 3890 τυρο-

1994 3915 2185 3980 φὰγον,
2228 3914 2462 3967 heretici
2490 3914 2771 3968 Tetrallitw
2806 3931 3052 3979 magnum
3092 3914 3556 3983 jejunium-obser-

1993 4015 2145 4068 aaut,
2182 4004 2460 4057 hebdomas
2487 4016 2661 4059 autem
2707 4008 2805 4066 τῆς
2839 4007 3268 4075 Διακαινησίμου
3306 4014 3557 4075 tauquam

1992 4094 2100 4160 ipse
2150 4109 2367 4163 magnus
2426 4094 2714 4147 dominicus
2768 4094 3062 4162 (l’aschm)
3120 4097 3231 4148 dies
3261 4104 3556 4163 reputatur.

1992 4183 2137 4238 Idem
2180 4188 2338 4240 docet
2383 4187 2701 4240 Anastasius
2743 4188 3037 4254 cpiscopus
3080 4189 3369 4250 Caesarem
3396 4186 3557 4241 Palm-

1993 4278 2152 4331 stinae
2182 4286 2344 4331 tract.
2372 4276 2439 4329 de
2472 4277 2793 4338 Arlziburio,
2825 4280 2911 4331 ubi
2942 4280 3081 4331 inter
3115 4280 3487 4333 hebdomadas
3521 4294 3546 4330 a

1986 4368 2193 4437 jejunio
2218 4369 2377 4436 plane
2411 4379 2662 4437 exceptas
2690 4372 2839 4438 ponit
2880 4372 2977 4440 τὴν
3003 4370 3272 4438 asseasse
3305 4370 3399 4438 τῆς
3433 4372 3558 4422 Δια-

1994 4460 2341 4530 καινησίμου.
2385 4461 2639 4515 Eamdem
2692 4463 3080 4516 hedemadem
3128 4464 3269 4516 inter
3300 4474 3557 4539 exceptas

332 4569 536 4621 σματα.
566 4552 681 4621 ipse
711 4551 893 4606 decem
937 4551 1105 4605 libras
1130 4560 1405 4605 numerat.
1451 4551 1723 4605 Blastares
1762 4560 1887 4603 octo
1913 4563 1965 4622 υ
1992 4563 2239 4605 numerat
2266 4549 2521 4605 Nicotaus
2550 4553 2860 4620 patriarcha
2884 4554 3204 4623 Cpolitanus
3228 4555 3280 4608 in
3309 4556 3556 4610 versibus

334 4642 568 4710 pretium
599 4642 716 4710 ejus
748 4649 933 4695 censet
963 4656 1011 4695 c.
1036 4643 1083 4703 7,
1120 4642 1211 4694 τοῦ
1246 4643 1287 4694 Τ
1318 4643 1588 4712 στοιχείου
1622 4660 1636 4697 :
1667 4643 1730 4695 'H
1767 4635 1893 4712 nep”

335 4733 494 4802 ἡμῶν
516 4733 845 4801 νομιζομένη
869 4733 1025 4801 λίτρα
1042 4733 1351 4800 νομίσματα
1374 4733 1485 4803 ἔχει
1508 4734 1670 4787 ὀκτώ.
1691 4732 1892 4802 Cmam]

401 4826 462 4879 P.
499 4823 584 4876 77.
622 4822 948 4883 .Hebdomas
976 4825 1395 4894 διακαινήσιμος
1433 4838 1516 4879 est
1545 4834 1656 4880 tota
1690 4826 1894 4879 hebdo-

333 4930 449 4969 mas
469 4914 763 4984 paschalis,
790 4930 912 4983 quae
939 4915 1134 4969 festum
1168 4915 1389 4972 Pascha)
1435 4917 1680 4984 proxime
1713 4917 1893 4986 sequi-

332 5018 421 5060 tur
445 5016 500 5059 et
528 5019 633 5074 qua
664 5004 1010 5061 Resurrectio
1047 5007 1260 5060 Domini
1307 5008 1536 5062 solemni
1569 5009 1891 5063 caeremoniis

334 5099 667 5153 celebratur.
705 5097 761 5151 id
799 5097 1030 5151 estendo
1062 5100 1295 5166 primum
1332 5101 1643 5155 testimonio
1671 5100 1892 5156 Maximi

337 5192 605 5261 Slargunii
650 5190 886 5258 episcopi
925 5190 1119 5255 Graeci,
1172 5193 1262 5260 qui
1310 5194 1595 5249 consultus
1629 5196 1891 5263 quidnam

334 5288 440 5341 hoc
486 5283 755 5337 vocabulo
798 5281 1155 5351 significetur,
1212 5285 1493 5351 respondit
1546 5286 1630 5339 his
1668 5286 1890 5342 verbis:

336 5372 677 5442 Σημαίναται
741 5371 872 5440 παρ’
929 5372 1061 5440 ἡμῖν
1116 5371 1205 5423 διὰ
1253 5373 1448 5425 τούτου
1491 5373 1582 5425 τοῦ
1632 5374 1896 5441 ὀνόματος

332 5467 427 5534 δὶη
471 5466 504 5531 ή
545 5462 737 5533 πρώτη
769 5462 1000 5529 ἑὸδομὰς
1029 5462 1126 5529 τῆς
1174 5464 1547 5532 ἀναστασίμου
1584 5463 1677 5515 τοῦ
1711 5464 1890 5533 Σωτῆ-

335 5572 427 5625 po;
456 5554 613 5624 ἡμῶν
640 5552 854 5622 ἑορτῆς.
891 5550 1024 5606 Vide
1047 5552 1289 5621 Catalog.
1320 5553 1626 5607 biliotheca:
1656 5556 1889 5623 August.

336 5648 404 5700 ab
447 5644 759 5700 Iltnsche‘lio
817 5644 1045 5698 editum.
1096 5645 1346 5699 Secundo
1404 5646 1543 5699 idem
1604 5648 1773 5714 probo
1826 5662 1891 5702 ex

336 5738 542 5807 Typico
573 5738 630 5790 S.
684 5736 862 5799 Sabae,
901 5737 992 5791 ubi
1028 5737 1189 5804 capiti
1228 5737 1295 5790 46
1342 5738 1651 5804 hujusmodi
1699 5740 1889 5792 titulus

339 5828 631 5898 pra-figitur
668 5845 682 5881 :
714 5827 926 5897 Εῑδησις
952 5827 1043 5879 τοῦ
1078 5828 1244 5879 τύπου
1280 5828 1377 5896 τῆς
1408 5829 1569 5895 ἁγίας
1601 5830 1685 5882 καὶ
1719 5832 1891 5898 μεγάρ-

1998 4641 2063 4696 ad
2098 4634 2446 4697 Anastasium
2482 4644 2683 4697 montis
2716 4643 2862 4699 Sinai
2892 4646 3209 4700 antistitem.

2065 4732 2397 4801 Rogatioues
2449 4735 2716 4788 triduana:
2752 4745 2876 4789 ante
2913 4740 3296 4792 ascensionem
3343 4740 3555 4793 Domini

1995 4821 2199 4877 Grazcis
2232 4822 2427 4891 ignotae
2462 4833 2620 4888 sunt;
2671 4841 2769 4879 nec
2803 4828 2910 4879 ulla
2941 4830 3143 4881 habent
3174 4838 3313 4881 stata
3346 4829 3553 4899 jejunia

1994 4912 2137 4967 inter
2192 4914 2399 4968 Pascha
2460 4925 2514 4968 et
2572 4916 2947 4970 Pentecostcu.
3012 4919 3253 4989 Νηστείι
3314 4922 3423 4991 γὰρ
3487 4921 3548 4973 οὐ

1992 5006 2322 5075 γέγραπται,
2346 5008 2463 5058 οὐδὲ
2492 5011 2827 5075 γονυκλισίει,
2852 5012 3027 5078 inquit
3052 5011 3311 5067 Nicolaus
3330 5016 3552 5082 patriar-

1994 5098 2097 5151 cha
2158 5098 2222 5153 de
2283 5108 2525 5165 tempore
2583 5100 2723 5153 inter
2778 5102 2986 5155 Pascha
3059 5112 3112 5155 et
3171 5102 3548 5158 Pentecusleu.

1994 5189 2128 5245 Vide
2167 5189 2431 5262 TypiCum
2477 5190 2655 5254 Saliae,
2710 5208 2761 5246 c.
2815 5195 2900 5247 5i.
2964 5196 3249 5248 Consentit
3294 5211 3417 5248 cum
3469 5196 3552 5249 his

1994 5280 2196 5335 nostris
2253 5279 2588 5336 Glossarium
2637 5281 3193 5348 Graeco-Barbarum,
3248 5286 3353 5340 nisi
3408 5289 3551 5354 quod

1993 5371 2155 5425 scribi
2178 5371 2332 5439 jubet
2357 5371 2775 5441 διακαινίςιμος.
2827 5372 2931 5428 Sed
2969 5375 3210 5429 Rilttales
3251 5377 3374 5429 libri
3407 5380 3574 5431 seriv

1992 5473 2204 5531 pluram
2238 5475 2477 5518 nostram
2530 5466 2849 5533 plerumque
2884 5466 3194 5537 praeferunt.

2064 5556 2343 5610 Dominica
2388 5558 2528 5611 hanc
2578 5560 2966 5613 hebdomadem
3017 5564 3377 5627 subsequens,
3430 5576 3549 5628 qua:

1990 5646 2148 5701 nobis
2178 5656 2261 5701 est
2294 5647 2571 5702 Domiuira
2602 5649 2655 5701 in
2683 5650 2841 5711 albis,
2871 5649 3071 5703 Graecis
3094 5659 3175 5703 cst
3208 5652 3367 5718 καινὴ
3397 5650 3426 5718 ἦ
3456 5653 3546 5701 νέα

1990 5740 2264 5807 Κυριακή.
2293 5755 2426 5795 nova
2467 5738 2762 5801 Dominica,
2792 5747 2843 5793 iu
2874 5756 3037 5809 quam
3075 5750 3253 5795 exstat
3277 5744 3450 5794 oratio
3488 5741 3545 5793 S.

1989 5830 2229 5900 Gregorii
2262 5828 2605 5897 Naziauzcui,
2629 5841 2677 5886 et
2706 5842 2784 5886 est
2818 5834 2991 5887 oratio
3012 5834 3103 5899 ⁸εἴη
3133 5833 3372 5903 ejusdem
3400 5848 3543 5896 inclt-
