4224 6450
263 384 366 447 377

1390 394 1757 457 GRETSERI
1795 394 1887 453 ET
1912 394 2149 454 GOARI
2180 395 2416 455 ΝΟΤΕ.

3409 392 3512 452 378

260 508 545 577 προελθὼν
583 510 639 564 ἐν
686 513 751 580 τῇ
787 511 1024 581 Χριστοῦ
1081 512 1337 583 γεννήσει
1374 516 1430 566 ὲν
1462 518 1527 585 τῇ
1564 514 1831 583 ἐκκλησίᾳ
1865 518 1904 572 Α

1865 518 1904 572 Α
1937 514 2103 567 reddo
2143 530 2157 567 :
2200 512 2308 566 Sub
2340 520 2586 580 quartam
2625 510 2861 577 ejusdem
2896 510 3000 563 dici
3032 507 3317 579 (nimirum
3347 505 3507 575 primi

260 602 509 669 εἰσῆλθεν
538 606 596 655 ἑν
624 605 702 673 τῷ
731 604 1124 677 θυσιαστησὶῳ.
1173 606 1464 676 Φθασάσης
1499 608 1555 660 δὲ
1603 608 1697 661 καὶ
1733 607 1830 675 τῆς

259 697 456 765 ἑορτῆς
488 697 595 751 τῶν
639 697 840 751 Φώτων
878 700 1152 770 προῆλθεν
1184 700 1408 770 ὁμοίως,
1451 702 1543 754 καὶ
1574 699 1831 753 εἰσελθὼν

256 788 319 839 οὐ
364 792 799 859 προσεκύνησεν.
854 791 1133 847 Cedrenus
1181 793 1234 846 in
1291 791 1472 847 Leone
1522 792 1825 861 Sapiente:

259 882 534 950 Συνήθους
572 884 628 937 δὲ
660 884 1035 955 προελεύσεως
1082 886 1380 955 γενομένης
1428 886 1568 940 κατὰ
1612 884 1829 955 ἡμέραν

255 962 352 1042 τῆς
392 977 774 1046 Πεντηκοστῆς
802 979 859 1030 ἐν
887 976 963 1047 τῷ
989 978 1125 1048 ναῷ.
1158 977 1474 1033 Eustathius
1513 980 1729 1033 tandem
1760 977 1824 1032 ad

263 1065 328 1118 ll.
370 1067 691 1138 ΙεΠομπὴ,
746 1068 1045 1139 θρίαμϐος,
1102 1070 1163 1123 ὃν
1211 1069 1537 1140 προέὶευσιν
1583 1070 1617 1139 ἡ
1673 1069 1825 1139 κοινὴ

254 1158 480 1224 γλῶσσα
521 1162 696 1215 καλεῖ.
750 1164 829 1215 An
868 1161 1009 1227 idem
1043 1163 1113 1217 sit
1152 1162 1479 1233 προέλευσις
1514 1163 1658 1229 quod
1696 1163 1827 1230 πρό-

254 1270 469 1317 κενσος,
503 1254 569 1308 de
596 1268 705 1323 quo
735 1253 1011 1309 Cedrenns
1034 1256 1084 1308 in
1108 1253 1325 1309 Iustino
1356 1270 1391 1308 ιι
1427 1270 1442 1307 :
1476 1250 1639 1315 Αὖθις
1674 1254 1826 1321 βασις-

254 1344 391 1406 λέως
458 1347 552 1397 ἐπὶ
610 1346 935 1415 πρόκενσον,
991 1360 1097 1400 non
1169 1345 1463 1400 existimo:
1500 1346 1826 1414 Προέ).ευσιν

255 1437 401 1488 enim
426 1453 533 1489 non
564 1439 804 1506 reperies
830 1438 938 1493 nisi
958 1439 1179 1507 pietatis
1202 1438 1285 1492 vel
1314 1440 1383 1493 ob
1407 1450 1628 1509 accepta
1662 1440 1826 1492 bene-

254 1529 375 1582 tit-ia
404 1528 757 1598 tripudiantis
775 1531 855 1583 vel
874 1531 939 1585 ad
969 1530 1288 1599 depellenda
1316 1538 1457 1586 mala
1478 1530 1826 1599 deprecantis

253 1623 427 1690 gratia
461 1631 798 1692 susceptam,
832 1624 1133 1692 πρόκενσον
1168 1639 1295 1679 vero
1327 1640 1721 1692 nonnunquam
1756 1623 1823 1677 ad

252 1714 425 1767 solam
483 1728 736 1781 pompam
793 1724 846 1768 et
894 1715 1122 1779 fastum,
1185 1717 1295 1769 imo
1359 1720 1688 1786 quandoque
1756 1715 1821 1769 ad

253 1810 463 1863 luxum.
490 1808 598 1863 Leo
615 1807 1018 1865 Grammaticus
1048 1810 1103 1864 in
1134 1808 1314 1865 Leone
1338 1809 1628 1881 Sapiente:
1670 1812 1822 1867 Λέων

1935 606 2300 675 Septembris)
2340 606 2563 667 horam,
2598 604 2769 657 sacris
2808 604 3124 671 imaginibus
3171 601 3329 654 reteri
3367 615 3511 652 more

1931 716 2036 754 una
2061 718 2179 754 eum
2218 703 2534 769 imperatore
2575 699 2881 768 patriarcha
2919 707 2966 750 et
3002 698 3254 765 episcopis
3285 697 3351 749 ad
3387 712 3508 761 por-

1929 796 2251 864 phyreticam
2286 796 2586 849 columnam
2637 792 2994 862 congregatis.
3040 791 3126 843 cui
3179 807 3333 843 sacra
3373 804 3506 842 rrua;

1930 888 2149 954 insistit,
2193 906 2312 943 cum
2359 888 2499 941 sacri
2533 889 2709 957 hymni
2760 895 3100 949 canerentur,
3158 898 3347 951 porcus
3398 882 3505 934 ali-

1928 981 2097 1035 cunde
2121 982 2330 1047 elapsus
2359 979 2537 1032 snbito
2573 980 2623 1031 in
2668 980 2889 1031 medium
2921 977 3266 1040 psallentium
3286 975 3501 1028 chorum

1927 1074 2141 1139 insiliit,
2186 1072 2354 1128 multo
2391 1090 2534 1127 caeno
2586 1073 2912 1141 inquinatus,
2945 1079 2992 1124 et
3048 1070 3189 1123 varie
3218 1070 3320 1121 huc
3347 1077 3504 1135 atque

1927 1169 2056 1223 illuc
2088 1178 2307 1237 vagatus
2337 1170 2419 1221 vix
2450 1167 2656 1220 tandem
2690 1165 2936 1219 excessit.
2982 1163 3043 1217 Id
3075 1161 3501 1232 prudentioribus

1928 1261 2285 1330 confusionem
2315 1266 2603 1330 quamdam
2630 1259 2830 1313 Christi
2863 1257 3117 1311 Ecclesia:
3134 1267 3183 1309 et
3218 1256 3497 1323 factionem

1928 1355 2236 1424 significare
2267 1358 2461 1407 uisum.
2519 1352 2711 1416 Qualis
2747 1352 3003 1406 conlusio
3034 1358 3090 1405 et
3122 1349 3289 1403 factio
3342 1348 3502 1417 paulo

1926 1459 2049 1516 post
2084 1456 2268 1502 secuta
2298 1456 2404 1510 εει,
2440 1455 2598 1514 capta
2627 1445 2695 1498 ab
2730 1443 3044 1498 Andronico
3067 1442 3293 1496 Juninre
3324 1442 3499 1510 Cpuli.

1928 1538 2131 1593 Csars.
2555 1525 2563 1531 ’

1992 1628 2054 1684 Ρ.
2081 1630 2167 1685 80.
2185 1628 2205 1701 [
2222 1628 2454 1682 Ἐκεῖσε
2476 1627 2850 1697 τελουμένην
2871 1627 3261 1681 ἀκολουθίαν.
3284 1625 3496 1679 Partem

1924 1724 2047 1793 ejus
2070 1723 2243 1778 habes
2284 1723 2338 1776 in
2367 1722 2708 1791 Eucltologio
2738 1731 2927 1776 nostro
2946 1720 3043 1775 [οι.
3076 1720 3181 1775 810
3210 1731 3264 1773 et
3301 1720 3351 1771 in
3389 1717 3503 1772 Me-

1927 1830 2046 1869 mno
2088 1816 2111 1868 1
2160 1814 2496 1885 Septembris
2528 1816 2651 1884 ejus
2701 1816 3021 1868 memoriam
3073 1814 3380 1868 celebrante
3416 1811 3502 1865 his

251 1906 556 1975 πρόκενσον
620 1906 878 1973 ἐποίησεν
934 1910 1014 1969 εἰς
1070 1906 1137 1960 τὰ
1201 1907 1498 1977 Δαμιανοῦ.
1567 1910 1820 1972 Συνόντος
1854 1916 1894 1970 Β
1925 1907 2154 1964 verbis:
2207 1909 2271 1962 Ἡ
2303 1908 2356 1962 δὲ
2402 1907 2493 1961 τοῦ
2537 1907 2871 1977 ἐμπρησμοῦ
2908 1908 3096 1975 μνήμη
3129 1905 3217 1958 διὰ
3262 1904 3322 1957 τὸ
3366 1922 3499 1973 συμο

248 1998 304 2050 δὲ
351 1996 600 2062 Ζαοῦτζσ.
647 1999 741 2052 καὶ
785 2000 1354 2068 παραδυναστεύοντος
1382 2001 1603 2069 καὶτῆς
1648 2003 1817 2070 θυγα-
1917 2000 2080 2065 ϐῆναι
2116 1999 2207 2052 διὰ
2234 1999 2334 2061 τὰς
2371 1999 2651 2070 ἁμαρτίας
2698 1998 2859 2069 ἡμῶν
2890 1997 3143 2066 γενέσθαι
3169 1998 3500 2067 ἐμπρησμὸν

250 2089 379 2156 ’πρὸς
412 2090 579 2143 αὑτοῦ
634 2092 790 2160 Ζωῆς
824 2093 939 2162 ἅμα
988 2092 1065 2162 τῷ
1095 2093 1327 2163 βασιλεῖ,
1363 2094 1628 2162 Θεοφανὼ
1671 2095 1726 2148 δὲ
1784 2097 1816 2163 ή

249 2182 470 2249 γαμετὴ
506 2181 670 2235 αὐτοῦ
703 2183 763 2236 οὐ
792 2184 977 2253 παρῆν
1007 2186 1211 2249 ἐκεῖσε,
1246 2186 1362 2238 ἀλλ’
1402 2187 1459 2238 ἐν
1482 2186 1819 2255 Βλαχέρναις

246 2272 305 2323 ἑν
331 2274 397 2341 τῇ
421 2274 555 2344 ἁγίᾳ.
578 2274 720 2345 σορῷ
745 2277 1177 2347 προσεκαρτέρει
1194 2277 1486 2349 εὐχομένη.
1514 2280 1811 2348 Sequitur:

246 2365 509 2429 Δόξαντος
542 2364 636 2420 οὖν
674 2367 767 2421 τοῦ
812 2369 1072 2437 βασιλέως
1126 2372 1309 2439 μεῖναί
1337 2373 1539 2426 ἐκεῖσε.
1570 2372 1729 2428 Certe
1759 2373 1813 2427 in

245 2459 404 2512 solita
432 2460 672 2515 ecclesize
689 2462 1037 2530 processione
1061 2478 1168 2517 non
1202 2464 1390 2519 fuisse:
1416 2478 1681 2529 moratus,
1718 2482 1815 2522 nec

243 2566 431 2605 secum
466 2551 714 2620 pellicem
744 2552 1010 2615 duxisset.
1068 2563 1164 2608 aut
1194 2554 1414 2608 interim
1447 2555 1565 2623 ejus
1592 2570 1727 2609 uxor
1759 2557 1810 2608 in

242 2644 491 2698 oratione
542 2645 749 2699 diutius
776 2657 1169 2715 perseveraret.
1204 2644 1352 2702 Fasti
1381 2646 1550 2701 Siculi
1585 2648 1807 2713 εὲποῖη-

244 2754 337 2789 σεν
361 2737 517 2790 Λέων
546 2737 853 2803 πρόκεσσον
883 2739 1022 2809 (lege
1055 2740 1356 2809 πρόκενσον
1383 2754 1507 2793 cum
1533 2739 1676 2803 aliis)
1710 2741 1813 2807 μῆ-

240 2845 337 2891 νας
385 2828 466 2893 ἐξ.
544 2828 828 2884 Processio
880 2830 1255 2885 ecclesiastico
1320 2830 1427 2883 ritu
1481 2830 1809 2899 peragenda,

240 2928 452 2973 tantum
483 2922 714 2989 spatium
737 2937 844 2975 non
865 2922 1112 2990 requirit.
1141 2921 1217 2976 D'e
1239 2937 1485 2987 processu
1505 2922 1809 2989 principum

238 3024 289 3065 et
313 3014 734 3081 magistratuum
771 3028 894 3068 cum
931 3013 1251 3082 dignitatum
1280 3015 1585 3085 insignibus
1621 3012 1814 3067 Panci-

241 3104 413 3157 rollus
462 3104 513 3156 in
544 3104 793 3158 notitiam
837 3102 1081 3157 Orientis
1112 3120 1160 3159 c.
1189 3105 1278 3158 22.
1308 3106 1461 3159 Gesn
1493 3104 1511 3174 ]

310 3197 371 3251 P.
409 3198 498 3251 79.
533 3198 709 3251 Tomo
742 3195 811 3251 lll
838 3196 904 3251 de
937 3196 992 3250 S.
1017 3196 1217 3257 Cruce.
1259 3197 1295 3250 l.
1321 3212 1357 3261 ι,
1389 3211 1439 3251 c.
1471 3195 1561 3260 ‘26,
1602 3197 1808 3250 descri-

1922 2091 2176 2158 μέγιστον
2208 2093 2265 2145 ἐν
2313 2091 2884 2145 Κωνσταντινουπὸλει
2918 2091 3011 2142 ἐπὶ
3051 2090 3281 2152 Λέοντος
3330 2091 3503 2159 μεγὰο

1918 2186 2009 2237 λου
2053 2186 2315 2254 βασιλέως
2352 2188 2445 2239 καὶ
2481 2184 2900 2255 πυρποληθῆναι
2945 2183 3005 2235 τὸ
3052 2184 3305 2234 πλεῖστον
3332 2181 3500 2249 μέρος

1916 2277 2012 2343 τῆς
2055 2276 2258 2338 πόλεως
2289 2277 2381 2329 ἐπὶ
2427 2275 2641 2346 ἡμέρας
2687 2274 2848 2328 ἑπτά.
2874 2274 3157 2328 Ccdrcnus
3197 2272 3263 2327 de
3291 2273 3383 2326 illo
3417 2273 3498 2324 in-

1915 2369 2107 2421 cendic
2146 2369 2201 2423 in
2233 2368 2415 2423 Leone
2453 2377 2772 2424 memorato.
2804 2365 3001 2438 Gesn]

1989 2458 2134 2514 Ibid.
2168 2460 2465 2515 Celebrant
2496 2461 2667 2516 Grarei
2697 2461 2800 2514 hoc
2833 2460 3028 2514 festum
3064 2474 3189 2512 cum
3222 2458 3433 2513 Latinis
3463 2459 3495 2511 8

1919 2552 2276 2621 Septembris.
2310 2554 2367 2607 ln
2404 2554 2740 2609 monasterio
2789 2552 2941 2607 Libis
2977 2551 3228 2622 sepultus
3255 2561 3341 2607 est
3379 2552 3491 2603 An-

1916 2644 2175 2700 dronicus
2223 2646 2427 2709 senior,
2486 2646 2615 2700 olim
2668 2646 2986 2714 imperator,
3044 2645 3139 2701 sed
3201 2644 3483 2698 biennium

1916 2744 2041 2790 aute
2086 2737 2211 2791 vitae
2242 2738 2403 2791 linem
2444 2738 2773 2792 monachus.
2809 2735 3049 2791 Cadaver
3086 2737 3202 2802 ejus
3238 2738 3290 2789 in
3346 2736 3489 2789 Libis

1915 2829 2297 2881 monasterium
2330 2829 2708 2897 estpcrlatum,
2756 2832 2894 2894 quod
2932 2839 3101 2883 mater
3124 2829 3239 2900 ejus
3278 2832 3491 2883 domina

1919 2918 2189 2972 Theodoro
2246 2930 2546 2987 renouarat,
2619 2922 2799 2991 inquit
2851 2922 3124 2989 Gregoras
3169 2932 3413 2978 extremo
3452 2924 3489 2975 l.

1917 3026 1969 3064 Ix
2018 3027 2131 3067 sua:
2162 3013 2438 3068 Historiae.
2488 3016 2692 3069 Eadem
2731 3016 2904 3071 ferme
2959 3016 3412 3083 Cantacuzenus,
3445 3033 3485 3079 ι,

1915 3105 2004 3160 ιο.
2043 3106 2280 3159 Observa
2296 3104 2518 3161 Iunium
2548 3108 2686 3162 mala
2719 3107 2822 3163 fide
2848 3109 3017 3178 μονήν
3057 3120 3268 3165 vertere
3300 3111 3487 3173 cedem,

1918 3210 2040 3249 cum
2078 3197 2148 3249 sit
2185 3199 2563 3250 monasterium
2594 3216 2611 3253 :
2647 3211 2790 3253 errat
2820 3204 3098 3268 interpres,
3139 3201 3245 3256 hoc
3274 3212 3357 3256 est
3395 3199 3489 3254 Juv

239 3293 319 3353 psi
350 3304 662 3352 nummum,
693 3291 745 3343 in
773 3290 932 3358 cujus
962 3288 1130 3342 altera
1160 3298 1312 3356 parte
1346 3288 1541 3342 visitur
1566 3285 1806 3342 Joannes
1835 3276 1877 3333 C
1913 3288 2063 3350 nius,
2099 3289 2190 3356 qui
2222 3290 2390 3342 aedem
2434 3291 2629 3354 reddit,
2674 3292 2855 3362 inquit
2909 3293 3141 3362 ipsemet
3194 3292 3486 3347 Meursius.

235 3383 572 3451 Palaeologus
628 3381 928 3449 imperator
982 3379 1304 3449 Cpolitauus
1368 3380 1433 3433 ad
1486 3380 1803 3433 columnam

236 3474 579 3543 crncigeram
611 3472 1037 3527 venerabundus
1078 3480 1139 3525 et
1166 3470 1655 3543 supplicabundus,
1685 3470 1807 3523 sine

235 3563 405 3618 dubio
448 3579 513 3618 ex
575 3562 680 3617 hoc
727 3576 877 3617 more
938 3561 1302 3616 Kalendarum
1371 3558 1804 3627 Septembrium.

236 3656 371 3710 Vide
399 3658 434 3710 l.
478 3670 526 3709 c.
585 3654 659 3709 De
687 3653 968 3715 εισι-ηοω.
1026 3653 1098 3707 De
1131 3654 1385 3707 columna
1416 3651 1801 3721 porphyretica

234 3752 461 3805 consule
503 3764 624 3818 qua:
675 3748 997 3817 scripsimus
1030 3756 1163 3801 tom.
1212 3746 1252 3807 l.
1307 3746 1378 3799 De
1412 3745 1468 3799 S.
1518 3746 1714 3800 Cruce.
1749 3743 1789 3798 l.

234 3860 294 3908 ιι,
323 3859 375 3898 c.
413 3841 505 3905 45,
553 3856 616 3895 ex
662 3840 969 3909 Nicephoro
1017 3850 1072 3894 et
1120 3839 1331 3893 Codino
1383 3840 1434 3892 in
1490 3838 1801 3909 Originibus

230 3935 556 4009 Lpolitanis.
596 3932 856 4003 Superest
902 3933 1008 3987 hoc
1036 3932 1221 3986 itidem
1250 3946 1365 3986 aevo
1392 3932 1505 3985 haec
1545 3930 1799 3985 columna

232 4027 638 4097 porphyretica.
679 4024 870 4079 Exstat
922 4042 985 4079 ea:
1039 4027 1246 4094 regione
1278 4024 1581 4087 diversorii,
1628 4024 1803 4092 inquit

231 4120 412 4173 Dousa
445 4119 497 4172 in
550 4134 650 4173 suo
680 4116 968 4185 Cpolilano
1023 4115 1331 4178 ltinerario,
1377 4114 1460 4169 vel
1497 4116 1679 4182 potius
1746 4129 1800 4166 ιιι

227 4211 495 4266 Enenmio
534 4210 734 4265 Mi-letii
781 4210 1067 4279 cujusdam
1104 4206 1434 4277 patriarcha:
1470 4205 1796 4268 Graecanici,

227 4304 311 4356 vel
340 4303 394 4354 in
433 4311 639 4370 satyro,
670 4315 777 4369 qua
812 4299 1390 4358 Jesuitasinsectatur,
1425 4298 1479 4349 in
1500 4312 1600 4365 quo
1616 4296 1795 4350 Cma-

228 4407 341 4443 reos
373 4397 611 4443 oratores
638 4388 897 4456 hospitari
917 4403 1027 4440 mos
1059 4395 1155 4450 est,
1187 4386 1433 4439 columna
1463 4384 1801 4439 Constantini

227 4496 517 4547 purpurea,
562 4481 611 4532 in
644 4480 795 4543 cuius
833 4473 1142 4532 summitate
1178 4477 1469 4544 spondytus
1497 4476 1795 4543 cedi/italus

221 4586 319 4639 est,
352 4574 407 4625 in
438 4589 542 4639 qua
568 4571 826 4639 ejusmodi
859 4571 1137 4639 inscriptio
1158 4581 1371 4637 apparet
1400 4584 1418 4622 :

288 4686 456 4757 ³40
488 4687 557 4740 Τὸ
584 4685 743 4757 θεῖον
772 4683 1185 4757 ἕργονίένθάδε
1216 4685 1443 4757 {panper
1470 4690 1683 4754 χρόνῳ,

291 4754 438 4811 Neo?
468 4755 759 4821 Μανουὴλ
788 4754 1047 4822 εὐσεϐὴς
1079 4755 1487 4822 αὐτοκράτωρ.

221 4852 313 4905 Est
354 4850 443 4903 hic
476 4848 794 4901 Emmanuel
848 4847 1316 4916 antepeuultimus
1348 4863 1413 4901 ex
1445 4849 1793 4917 imperatori-

218 4945 315 4998 bus
334 4941 636 5013 Cpolitanis
663 4959 676 4993 :
708 4955 831 4994 nam
863 4948 983 5010 post
1008 4941 1155 4995 hunc
1178 4950 1399 4995 secutus
1426 4950 1509 4995 est
1529 4940 1789 5007 Joannes,

218 5038 310 5102 qtti
342 5035 581 5089 concilio
611 5032 928 5087 Florentino
965 5034 1234 5092 interluit.
1291 5044 1413 5103 post
1440 5034 1603 5089 istum
1642 5035 1791 5090 Con-

218 5129 521 5186 stantinus.
547 5127 647 5179 sub
678 5141 784 5194 quo
833 5127 1019 5194 Cpnlis
1052 5128 1103 5179 in
1134 5126 1423 5181 Turcicam
1463 5129 1785 5181 servitutem

216 5224 387 5274 wnit.
482 5218 654 5288 llujus
727 5220 1125 5289 porphyreticae
1199 5222 1469 5274 eolumnm
1541 5222 1791 5275 meminit

214 5314 409 5375 etiam,
462 5311 652 5365 eodem
690 5312 861 5367 ferme
912 5328 1023 5379 quo
1067 5312 1245 5371 Dousa
1300 5314 1484 5375 modo,
1529 5314 1786 5367 Salomon

213 5402 517 5463 Swigerus,
552 5401 855 5466 pmdicans
888 5401 1137 5466 Noricus,
1177 5404 1211 5454 1.
1254 5421 1285 5457 ιι
1318 5405 1398 5457 sui
1440 5404 1785 5473 lloduzpuriei

213 5508 259 5546 c.
297 5492 387 5547 57.

286 5582 433 5648 Quid
466 5583 749 5646 acciderit,
777 5586 997 5651 quando
1027 5588 1378 5643 Andrvnicus
1412 5591 1595 5643 senior
1619 5590 1787 5656 impw-

215 5687 364 5729 ratur
388 5680 486 5744 lfp.
520 5690 644 5729 cum
677 5677 826 5738 clero
857 5686 909 5728 ⁴¹ι
941 5680 1135 5747 popqu
1158 5681 1412 5736 Kalendis
1448 5684 1785 5753 Ssptetutris

212 5772 277 5822 ad
338 5772 656 5827 columnam
711 5773 1145 5841 porphyreticam
1202 5778 1565 5845 supplicabat,
1626 5780 1784 5835 dut‘rl

215 5878 313 5919 nos
365 5861 640 5930 Gregoras
700 5864 764 5918 ad
826 5866 1032 5920 calcem
1078 5867 1194 5922 libri
1248 5886 1293 5923 γι
1326 5886 1361 5935 ι,
1412 5874 1567 5942 cujus
1620 5878 1781 5931 verba

1909 3380 2105 3434 (iners.

1992 3472 2135 3527 Ibid.
2164 3471 2580 3544 [Monasterinm
2605 3494 2631 3530 a
2658 3477 2942 3531 'l'hcodora
2975 3477 3254 3534 Michaelis
3284 3477 3484 3533 Pulmo-

1911 3566 2014 3632 logi
2054 3583 2224 3621 uxore
2251 3580 2580 3636 reparatum,
2612 3571 2701 3625 ubi
2736 3572 2839 3624 sibi
2876 3573 3184 3641 sepulcrum
3213 3573 3485 3627 instaurao

1910 3660 1984 3713 vit
2039 3660 2182 3716 illius
2238 3662 2608 3729 Andronicus,
2640 3675 2691 3717 et
2739 3666 2964 3719 inferias
3031 3681 3223 3719 novem
3282 3668 3476 3719 diebus

1910 3752 2163 3820 (numero
2183 3756 2416 3809 mortuis
2439 3756 2641 3821 dicato)
2673 3758 2909 3823 persolvi
2945 3758 3245 3812 mandavit.
3277 3758 3481 3827 Grego-

1908 3859 2021 3907 ras,
2053 3844 2121 3898 ad
2156 3846 2194 3900 Ι.
2230 3863 2281 3900 Ix
2319 3847 2522 3901 calcem
2560 3866 2572 3901 :
2614 3849 2686 3901 Τὸ
2748 3850 2960 3902 ἐκείνου
3014 3852 3208 3917 νεκρὸν
3266 3852 3345 3913 εἰς
3383 3852 3482 3913 τὴν

1912 3936 2078 4003 μονὴν
2129 3935 2223 3990 τοῦ
2283 3939 2446 4000 Διϐὲς
2481 3941 2925 4010 ὲπικεκλημένην
2979 3942 3320 4010 ἀπήνεγκαν,
3354 3944 3419 4012 ἢν
3448 3945 3482 4011 ἡ

1910 4030 2093 4097 μήτηρ
2120 4028 2284 4083 αὑτοῦ
2317 4030 2569 4099 Θεοδὼρα
2599 4034 2969 4087 ἀνεκαίνισεν.
3012 4033 3183 4087 Ἔνθα
3207 4035 3270 4102 δὴ
3305 4036 3397 4087 καὶ
3421 4036 3481 4088 τὸ

1906 4119 2130 4184 πένθος,
2166 4121 2283 4173 κατ’
2315 4121 2455 4185 ἔθος,
2497 4123 2587 4174 ἐπὶ
2649 4125 2805 4177 ἐννέα
2864 4125 3080 4195 ἡμέρας
3140 4128 3478 4181 τετέλεσται.

1904 4213 1944 4264 Λ
1978 4212 2347 4267 Constantiuo
2380 4212 2517 4269 Libe
2537 4214 2712 4270 fuerat
2736 4218 2888 4286 prius
2919 4228 3260 4272 exstructum
3295 4218 3480 4273 Leone

1908 4304 2163 4373 Sapiente
2203 4306 2530 4373 imperanlc.
2585 4306 2996 4363 Gratumatieus
3045 4310 3191 4364 Leo:
3234 4312 3382 4362 Λέων
3452 4314 3480 4363 ὁ

1905 4398 2156 4467 βασιλεὺς
2191 4399 2342 4469 παρὰ
2374 4401 2792 4454 Κωνσταντίνου
2826 4403 2918 4454 τοῦ
2963 4404 3127 4464 Λιϐὸς
3160 4406 3216 4455 ὲν
3243 4408 3306 4472 τῆ
3340 4408 3477 4476 μονῇ

1901 4493 1966 4560 τῇ
2022 4489 2186 4544 αὑτοῦ
2238 4492 2303 4561 τῇ
2340 4490 2476 4563 οὔσῃ
2522 4494 2582 4542 ἐν
2634 4495 2709 4563 τῷ
2742 4496 3146 4565 Μερδοσαγάρῃ
3180 4496 3272 4549 τοῦ
3318 4498 3475 4566 ποιῆ-

1904 4600 1992 4636 σαι
2029 4584 2093 4635 τὰ
2123 4584 2375 4650 ὲγκαίνισ.
2409 4585 2503 4635 καὶ
2534 4585 2829 4654 ἀριστῆσαι
2856 4587 3229 4656 προσεκλήθη.
3267 4588 3468 4660 Cosa]

1972 4673 2116 4729 Ibid.
2175 4674 2234 4728 S.
2290 4676 2548 4729 Demetrii
2582 4680 2860 4748 martyris,
2909 4680 2996 4732 cui
3044 4693 3470 4748 cognomentum

1896 4765 2216 4837 Myroblyta,
2275 4766 2474 4821 festum
2530 4768 2811 4823 celebrant
2858 4769 3031 4825 ϐιωοί
3066 4772 3135 4825 26
3192 4774 3471 4832 Octobris.

1898 4857 2011 4914 lloc
2037 4874 2165 4930 ergo
2181 4859 2267 4914 die
2294 4860 2587 4930 imperator
2611 4862 2673 4913 ad
2708 4866 3099 4919 monasterimu
3128 4867 3179 4919 in
3210 4868 3473 4924 honorem

1898 4953 1954 5007 S.
1978 4952 2230 5008 Demetrii
2247 4968 2277 5007 a
2300 4953 2619 5025 Palteologis
2636 4956 2962 5009 miliiicatum
2990 4973 3109 5012 sese
3131 4959 3469 5015 conferebat.

1896 5045 2091 5099 (iners.

2147 5138 2290 5194 Ibid.
2319 5138 2557 5211 [Μονὴν
2587 5139 2705 5192 τῶν
2739 5144 3183 5209 Παλαιολόγων.
3204 5145 3239 5194 Α
3268 5143 3472 5197 Palam-

1892 5232 2030 5300 logis
2056 5247 2252 5286 nomen
2275 5233 2531 5286 sortitum
2556 5235 2947 5286 monasterium
2969 5249 3120 5302 opes,
3144 5248 3464 5303 proventus,

1893 5322 2143 5387 aedilicia,
2186 5334 2508 5378 ornamenta
2545 5326 2771 5393 quaevis,
2804 5327 2871 5378 ab
2897 5326 2973 5379 eis
2995 5328 3227 5394 primum
3254 5330 3464 5397 imperii

1902 5415 2084 5467 sedem
2120 5416 2519 5483 occupantibus
2548 5416 2730 5469 debuit
2764 5418 3060 5485 accepisse.
3096 5418 3242 5474 Gosn
3274 5419 3290 5490 ]

1968 5504 2105 5558 Ibid.
2148 5504 2398 5560 Natalem
2436 5505 2492 5560 S.
2526 5504 2909 5575 Cbrysostomi
2943 5509 3146 5563 obeunt
3192 5509 3367 5567 Cra-ci
3398 5514 3465 5567 l3

1892 5596 2235 5659 Novembris.

1966 5686 2107 5740 Ibid.
2157 5686 2329 5753 Vetti,
2371 5690 2423 5740 in
2485 5694 2906 5759 prwseutatione.
2951 5692 3039 5747 Sic
3074 5695 3216 5748 enim
3268 5712 3351 5751 res
3383 5698 3465 5751 iu~

1894 5781 2174 5849 telligitur.
2229 5783 2545 5837 Celebratur
2576 5800 2604 5837 a
2638 5784 2845 5841 Latinis
2899 5787 3103 5855 pariter
3144 5799 3198 5843 et
3252 5788 3461 5845 Grtecis

1892 5878 1955 5930 21
1990 5877 2332 5935 Novembris.
2388 5878 2702 5939 Monastcrii
2734 5883 2829 5953 τῆς
2862 5884 3230 5953 “spitium-ou
3267 5886 3460 5940 memi-
