4224 6450
721 403 824 462 37‘.)
1863 415 1938 474 IN
1990 416 2288 476 LIBRUM
2321 419 2412 477 DE
2437 419 2760 483 OFFICIIS
2801 425 2906 485 (ΖΡ.
3825 421 3928 484 380

723 513 798 562 nit
830 511 1095 577 (ἑτεροῖος
1131 512 1166 564 Ι.
1193 529 1286 578 vn,
1319 523 1372 569 et
1401 514 1783 588 Pacltymeres,
1834 523 1869 574 l.
1915 538 1965 576 v.
2003 523 2129 577 Erat
2155 540 2276 578 mo-
2310 538 2352 593 Α
2385 529 2615 584 decursu
2664 532 3045 593 invitarentur,
3109 533 3443 588 subicientes
3498 543 3551 587 ct
3605 534 3750 602 juste
3799 530 3940 599 parti

722 603 1018 656 uasterium
1103 607 1464 663 sanctissimae
1538 612 1762 681 virginis
1846 613 2051 679 Mariae,
2118 633 2281 684 quam
2385 629 2632 688 sumptus
2661 624 3308 691 suppeditarent.Procul
3343 626 3522 689 itaque
3553 633 3666 676 erat
3707 631 3940 675 .icusto-

721 695 891 749 Graeci
945 695 1330 766 περίϐλεπτον,
1371 703 1471 756 hoc
1502 712 1584 756 est
1614 705 1951 771 spectabilem
1978 724 2074 763 seu
2105 711 2281 763 admi-
2385 713 2596 767 diendis
2654 715 2866 770 bellicis
2927 717 3325 778 instrumentis,
3379 727 3440 769 ut
3469 715 3748 786 Xylauder
3770 722 3822 766 ct
3849 714 3940 765 alii

720 791 966 852 random,
1027 804 1246 847 vocant.
1302 788 1362 847 ln
1420 794 1520 850 boc
1567 796 1764 852 festum
1808 801 2001 869 partim
2036 811 2275 868 exstant,
2383 822 2388 856 ι

2271 843 2275 863 μ
2383 815 2512 859 sunt
2540 807 2783 875 opinati;
2822 823 2921 864 nec
2960 807 3246 877 χουράτωρ
3279 809 3387 860 τῶν
3423 809 3753 876 Μαγγάνων,
3777 819 3939 874 quem

723 885 915 949 partim
960 886 1139 939 adhuc
1170 887 1221 938 in
1263 887 1610 945 bibliothecis
1647 893 1815 946 latent
1848 895 2028 949 multae
2063 893 2282 949 Graeco-
2382 910 2505 951 cum
2536 899 2656 952 aliis
2687 898 2740 951 in
2805 899 2992 953 lsaaeii
3029 897 3309 954 Comneno
3341 897 3584 954 Zonaras
3610 909 3662 953 et
3693 898 3942 963 Curopa-

721 991 839 1028 rum
881 977 1134 1031 ltomiliaa.
1171 979 1375 1034 Gas'rs.
2383 989 2517 1044 lates
2543 1001 2824 1054 inemorat,
2855 992 2994 1045 alius
3026 1000 3144 1045 erat
3169 1007 3332 1058 quam
3367 992 3456 1060 qui
3490 991 3684 1043 domus
3714 991 3945 1057 hujusce

790 1065 926 1120 Ibid.
980 1067 1075 1138 [De
1113 1069 1214 1124 hoc
1254 1073 1587 1127 monasterio
1641 1075 1919 1131 Cedrenus
1950 1076 2004 1130 in
2034 1078 2281 1134 Romano
2380 1087 2433 1132 et
2464 1079 2730 1133 redituurn
2756 1081 2875 1150 ejus
2909 1095 3096 1134 curam
3145 1081 3387 1135 haberet.
3421 1080 3637 1133 Turrim
3675 1080 3790 1132 sive
3819 1095 3947 1146 pro-

719 1157 962 1226 Argyro:
1025 1159 1352 1230 ’AvatpsOEt;
1379 1163 1405 1214 6
1447 1164 1723 1226 Ῥωμανὸς
1768 1165 2049 1234 βασιλεὺς,
2081 1167 2280 1222 θάπτε-
2379 1186 2387 1241 ι

2273 1200 2280 1209 -
2379 1173 2741 1241 pugnaculum
2791 1174 2947 1243 ponit
2996 1182 3146 1228 cura
3195 1175 3383 1226 urbem
3446 1173 3499 1226 in
3548 1172 3941 1242 Manganorum

717 1265 806 1299 ται
829 1249 887 1299 ὲν
911 1251 975 1318 τῇ
1014 1251 1143 1320 παρ’
1177 1251 1338 1303 αὑτοῦ
1360 1254 1753 1327 νεουργηθείσῃ
1783 1258 1879 1325 τῆς
1912 1260 2281 1329 Περιϐλέπτου
2381 1280 2385 1333 ξ

2275 1281 2281 1311 ι
2381 1265 2610 1334 planitie
2670 1265 3109 1328 Cantacuzeuus,
3159 1282 3242 1331 tn,
3275 1266 3362 1327 72,
3395 1281 3624 1334 eamque
3654 1268 3794 1319 adeo
3821 1280 3943 1318 mu-

721 1339 878 1405 μονῇ.
915 1339 1218 1407 Scripserat
1250 1343 1506 1409 superius
1539 1362 1554 1399 :
1603 1345 1662 1397 '0
1683 1346 1739 1398 δὲ
1773 1346 2024 1416 βασιλεὺς
2065 1350 2282 1416 Ῥωμα-
2383 1372 2389 1410 ι

2274 1383 2282 1392 -
2383 1356 2551 1410 nitam
2608 1372 2657 1410 c.
2681 1356 2750 1411 80
2776 1365 2830 1410 et
2860 1357 2928 1410 87
2960 1357 3202 1411 aﬂirmat
3241 1367 3298 1410 ut
3325 1358 3515 1410 urbem
3543 1356 3646 1410 CP.
3685 1359 3765 1411 vel
3804 1358 3942 1410 tueri

717 1430 805 1490 νὸς
832 1431 919 1482 τὸν
979 1426 1128 1484 οἰκον
1176 1432 1269 1485 τοῦ
1304 1434 1814 1505 Τριακονταφύλ).ου
1861 1439 2278 1510 ἐξωνησάμενος
2382 1465 2385 1472 ·

2273 1462 2278 1503 :
2382 1449 2464 1503 vel
2492 1463 2802 1518 oppugnare
2833 1458 3039 1517 posset.
3092 1447 3480 1504 Mouasterium
3513 1449 3622 1502 illic
3654 1447 3756 1501 loci
3795 1462 3941 1500 con-

717 1524 797 1584 εἰς
828 1524 1188 1592 μοναστὴριον
1225 1527 1622 1594 μετεσκεύασεν
1652 1529 1738 1582 ἐπ’
1772 1530 1998 1601 ὀνόματι
2045 1533 2142 1601 τῆς
2196 1535 2280 1587 δε·
2382 1562 2385 1593 :

2275 1566 2280 1574 -
2382 1542 2580 1594 struxit
2602 1541 2990 1594 Monomachus
3020 1540 3428 1603 Constantinus,
3459 1541 3768 1610 legiturque
3796 1539 3943 1606 apud

718 1612 947 1679 σποινης
977 1614 1133 1683 ἡμῶν
1163 1614 1454 1674 Θεοτὸκου.
1509 1621 1719 1686 Quibus
1748 1625 2056 1693 sumptibus
2087 1636 2135 1679 et
2174 1642 2279 1694 qua
2380 1637 2386 1674 ι

2380 1629 2688 1684 Cedrenum
2727 1631 2979 1698 κείμενος
3002 1631 3059 1682 ἐν
3089 1633 3155 1700 τῇ
3186 1630 3317 1699 παρ’
3351 1630 3519 1681 αὐτοῦ
3547 1628 3949 1698 νεουργηθείσῃ

718 1704 1118 1772 magniﬁcentia
1176 1718 1514 1762 exstructum
1562 1711 1842 1765 Cedrenus
1883 1717 2276 1785 prosequitur:

2386 1723 2519 1791 μονῇ
2541 1720 2649 1772 τῶν
2679 1722 3014 1787 Μαγγάνων,
3043 1721 3431 1789 subditurque:
3466 1720 3575 1772 Καὶ
3606 1723 3635 1771 6
3671 1721 3770 1785 μὲν
3798 1720 3948 1788 βασι-

717 1793 808 1846 ubi
854 1797 1016 1848 situm
1050 1795 1234 1862 fuerit,
1271 1799 1426 1854 docet
1453 1799 1746 1871 Gregoras,
1787 1821 1881 1868 νιι,
1919 1806 2023 1871 ίες
2063 1822 2089 1860 a
2123 1808 2282 1862 Nice-
2382 1815 2385 1822 “

2280 1839 2282 1845 τ
2382 1814 2503 1876 λιὺς
2551 1811 2842 1866 ἀποθανὼν
2888 1815 2944 1866 ὲν
2975 1815 3089 1876 τοῖς
3115 1814 3433 1882 Μαγγάνοις
3461 1809 3640 1880 ταφῆς
3663 1809 3824 1878 ιτυχε
3851 1809 3948 1876 τῆς

716 1887 885 1952 plioro
910 1885 1192 1943 BOtaniate
1225 1901 1534 1957 reparatum
1580 1893 1821 1952 Zonaras
1859 1897 2024 1953 refert
2051 1901 2116 1953 ad
2150 1900 2271 1968 eius
2307 1890 2354 1949 Β
2378 1904 2666 1971 τυχούσης.
2699 1902 2895 1976 Genu]

717 1974 854 2029 Vitae
879 1979 1105 2033 calcem.
1140 1982 1340 2052 Unam]

2448 1996 2508 2049 P.
2535 1974 3224 2050 81.Festum—Constanlini
3261 2005 3310 2048 et
3361 1994 3574 2048 Helena:
3608 1994 3777 2062 impp.
3810 1991 3953 2045 cele-

795 2070 926 2123 Ibid.
957 2072 1176 2125 Festum
1228 2073 1284 2126 S.
1305 2073 1485 2129 Basilii
1513 2077 1787 2133 celebrant
1820 2081 1992 2137 Graeci
2023 2083 2277 2140 Kalendis
2378 2086 2536 2140 brant
2559 2085 2732 2139 Graeci
2756 2087 2819 2138 '2!
2843 2085 2934 2140 die
2957 2083 3312 2141 Maii.Gat-:'rs.

719 2161 994 2226 Januarii,
1027 2163 1130 2216 hoc
1158 2174 1239 2218 est
1275 2167 1393 2234 ipso
1417 2169 1861 2229 circumcisionis
1885 2175 1994 2230 die.
2448 2177 2588 2231 Ibid.
2621 2176 3069 2248 [Constantinum
3107 2193 3216 2233 non
3273 2187 3524 2234 sanctum
3562 2177 3724 2231 modo
3768 2177 3866 2231 sed
3900 2186 3954 2230 et

789 2250 932 2308 Ibid.
995 2252 1211 2308 Festum
1270 2255 1547 2313 Occursus
1602 2277 1699 2316 seu
1719 2261 2145 2334 'Puri/icatiom’s
2179 2282 2276 2320 no-
2380 2271 2734 2323 ισαπόστολον
2761 2269 2937 2326 (ὅταιοί
2967 2271 3266 2340 pradicant
3294 2270 3365 2325 ob
3389 2279 3744 2340 propagalam
3775 2278 3833 2322 et
3854 2269 3955 2322 de-

716 2344 926 2398 liiscum
959 2346 1238 2401 celebrant
1267 2348 1438 2404 Graeci
1463 2351 1496 2403 ‘2
1525 2351 1831 2408 Februarii.
1870 2355 2276 2413 Blacbernense
2378 2361 2584 2414 lensam
2603 2359 2718 2428 eius
2743 2361 2926 2415 studio
2948 2361 3129 2416 ﬁdem.
3148 2360 3430 2430 Templum
3457 2358 3556 2413 SS.
3585 2357 3872 2428 Apostolis
3899 2355 3953 2408 in

715 2435 976 2502 templum
1013 2437 1390 2493 suburbanum
1424 2453 1544 2495 erat
1565 2443 1633 2497 ad
1678 2444 1830 2500 littus
1861 2449 2052 2512 maris,
2085 2451 2274 2505 coodi-
2379 2460 2610 2520 utraque
2659 2450 2828 2505 Roma
2875 2451 3175 2507 aedificasse
3205 2463 3416 2507 cunctae
3447 2452 3748 2519 loquuntur
3779 2447 3956 2501 histo-

717 2538 832 2580 tnm
866 2543 894 2579 a
940 2527 1226 2591 Pulcheria
1279 2531 1645 2600 intperatrice.
1693 2535 1836 2603 Opus
1875 2539 2013 2592 enim
2041 2540 2151 2607 ejus
2175 2551 2272 2605 est,
2377 2543 2494 2605 riae,
2515 2552 2565 2594 et
2599 2542 2650 2595 in
2692 2543 3006 2597 eorumdem
3037 2543 3222 2598 limine
3253 2557 3473 2612 capsam
3507 2540 3954 2610 porpltyreticam

716 2619 891 2686 inquit
937 2619 1298 2687 Nicephorius.
1343 2638 1456 2686 xw,
1511 2624 1564 2686 2,
1597 2642 1806 2679 sacrant
1869 2628 1963 2681 Dei
1995 2627 2275 2684 Ceuitricis
2378 2634 2680 2688 Romanam
2714 2635 2890 2690 eidem
2937 2637 2990 2690 in
3021 2637 3330 2705 sepulcrum
3367 2650 3702 2690 concessam.
3743 2630 3955 2701 Coum]

717 2711 992 2778 templum,
1024 2712 1163 2780 quod
1208 2712 1522 2770 Blachernaa
1548 2718 1765 2782 dicitur,
1799 2722 2012 2790 dignum
2037 2723 2131 2776 illa
2158 2725 2273 2789 ipsa
2451 2725 2591 2780 Ibid.
2624 2727 2862 2782 Natalem
2890 2729 3031 2782 diem
3089 2728 3151 2783 S.
3183 2727 3412 2782 Joannis
3448 2726 3708 2796 Baptista:
3741 2727 3958 2780 obeunt

728 2801 878 2854 Verbi
910 2801 1076 2856 Matre
1097 2843 1112 2865 ,
1159 2807 1299 2874 quod
1349 2808 1666 2862 inhabitaret
1717 2813 2066 2867 domicilium.
2109 2813 2276 2884 Cujus
2378 2815 2550 2872 (ἐι-κεί
2583 2819 2867 2873 nobiscum
2897 2820 2968 2873 24
2997 2818 3082 2874 die
3113 2820 3285 2874 Junii.
3315 2818 3628 2872 Monasterii
3659 2820 3753 2871 eui
3787 2818 3957 2871 Petra

713 2895 945 2946 divinum
981 2899 1240 2951 tantulum
1261 2908 1309 2952 et
1336 2901 1651 2964 sepulcrales
1676 2903 1872 2969 fascias
1895 2906 2132 2959 inventas
2156 2925 2274 2960 cum
2380 2925 2596 2968 nomen,
2627 2912 2875 2965 meminit
2905 2912 3198 2966 Cantacuz.
3229 2927 3309 2975 ιιι,
3344 2911 3434 2965 55.
3465 2910 3672 2965 ῦιιετε.

714 2987 1042 3040 veneratione
1103 2989 1339 3042 maxima
1398 2991 1470 3042 ibi
1529 2994 1782 3059 reposuit.
1848 2991 2172 3060 (Cedrenqu
2219 2997 2276 3050 in
2451 3001 2590 3056 Ibid.
2616 3001 2798 3074 [Petra
2849 3018 3045 3058 nomen
3089 3005 3447 3058 monasterio.
3486 3003 3639 3073 Μονὴ
3668 3017 3958 3070 προσαγο-

717 3075 1000 3130 Marciano
1032 3079 1242 3134 confert
1275 3080 1465 3150 Goar.)
1513 3086 1707 3152 Magna
1735 3085 1986 3154 religione
2024 3087 2275 3154 templum
2384 3129 2385 3160 ξ

2384 3097 2654 3166 ρευημένη
2707 3098 2908 3167 Πέτρα,
2965 3097 3154 3152 scribit
3212 3097 3656 3161 Cantaeuzenus,
3727 3111 3818 3156 ιιι,
3863 3095 3959 3148 55.

718 3175 772 3219 id
813 3168 1099 3237 Byzantini
1126 3172 1322 3235 (olunt,
1360 3175 1533 3244 inquit
1564 3177 1701 3230 idem
1741 3175 2102 3246 Niccpltorus.
2123 3195 2275 3242 xvnt,
2326 3255 2329 3256 ν
2389 3184 2560 3240 mdes
2585 3187 2672 3240 illa
2694 3203 2848 3242 sacra
2879 3187 3064 3240 Basilii
3097 3187 3409 3243 Hacedonis
3437 3203 3576 3256 opus
3603 3195 3711 3250 est,
3750 3185 3824 3240 de
3849 3201 3962 3254 quo

716 3263 786 3316 38
821 3278 836 3318 :
869 3264 1064 3316 dicitur
1087 3281 1310 3333 namque
1334 3277 1384 3321 et
1407 3269 1642 3322 creditur
1673 3281 1836 3323 vestes
1860 3270 2046 3324 Marica
2063 3272 2279 3338 uirginis
2306 3255 2350 3311 δ
2382 3296 2384 3318 ι

2306 3255 2350 3311 c
2382 3278 2692 3333 Cedrenus:
2721 3281 2828 3333 Καὶ
2851 3280 2974 3342 τοὺς
2996 3280 3091 3333 δύο
3112 3279 3204 3332 τοῦ
3229 3279 3539 3332 Βαπτιστοῦ
3580 3279 3787 3345 σηκοὺς
3817 3277 3879 3328 εν
3899 3293 3961 3328 τε

714 3369 763 3407 et
783 3370 979 3422 partem
1000 3361 1279 3424 quamdam
1301 3359 1626 3414 admiranda:
1644 3362 1786 3414 illius
1814 3378 1959 3415 sonte
1992 3363 2282 3431 capitisque
2381 3394 2382 3399 η

2381 3372 2447 3437 τῇ
2500 3369 2771 3438 Στροϐιλῳ
2811 3371 2903 3423 καὶ
2948 3371 3397 3434 Μακεδονιαναϊς,
3439 3370 3530 3424 τοῦ
3569 3370 3676 3438 μὲν
3739 3369 3961 3436 ἀνῳκο-

715 3445 1177 3499 etiamamiculum
1192 3449 1245 3500 in
1268 3465 1428 3503 aurea
1455 3467 1587 3502 urna
1611 3452 1682 3502 ibi
1704 3453 1985 3504 asservari.
2022 3451 2095 3506 De
2135 3461 2281 3506 veste
2381 3485 2383 3496 ι

2381 3457 2582 3526 δόμησε
2608 3459 2671 3511 τὸ
2697 3459 2968 3522 πλεῖστον,
2996 3462 3054 3513 τὸ
3077 3461 3132 3514 δὲ
3153 3462 3216 3513 ὲκ
3254 3460 3475 3529 βάθρων
3501 3461 3829 3527 ἀνήγειρεν.
3861 3456 3965 3509 Pe-

717 3536 772 3588 «ι.
806 3536 1038 3606 Virginis
1067 3549 1279 3608 reperta
1325 3540 1443 3594 vide
1473 3543 1720 3596 eumdem
1744 3543 2032 3613 Nicephor.
2065 3560 2156 3610 av,
2185 3543 2277 3598 24.
2385 3557 2520 3601 tram
2561 3564 2691 3604 vero
2751 3550 2817 3604 ad
2867 3550 3279 3615 monasterium,
3338 3551 3426 3604 cui
3460 3563 3663 3604 nomen
3696 3548 3963 3617 imponit,

718 3627 920 3682 (ina-rs.
1427 3697 1430 3701 γ
2383 3639 2544 3691 sitam
2599 3640 2879 3709 στροὸιλου
2925 3641 3152 3706 liguram
3188 3640 3393 3695 referre
3423 3639 3612 3694 vident
3646 3638 3746 3707 qui
3785 3639 3962 3691 etiam

790 3718 929 3772 Ibid.
951 3720 1153 3790 [Μέχρι
1173 3723 1290 3776 τῶν
1306 3723 1608 3791 ’Υψη.1ὧν.
1632 3726 1704 3779 De
1723 3728 1902 3796 palatii
1922 3728 2283 3786 Blacbernen-
2383 3729 2454 3783 ho

1938 3728 2283 3786 Blacbernen-
2383 3729 2544 3784 hodie
2571 3729 2676 3784 ΟΡ.
2706 3731 2880 3785 oculis
2912 3731 3379 3785 circumlustrant.
3405 3727 3606 3800 Genu]

719 3813 795 3866 sis
819 3815 1084 3879 parte,cui
1111 3831 1303 3870 nomen
1336 3816 1563 3888 ’Υψηλά,
1587 3817 1789 3872 dictum
1813 3821 2084 3888 superius.
2454 3821 2595 3876 Ibid.
2621 3823 2772 3892 Apud
2792 3823 3008 3877 Graecos
3035 3822 3342 3877 tricesimus
3366 3821 3484 3877 dies
3513 3819 3666 3874 Junii
3691 3819 3968 3873 omnibus

795 3903 853 3956 I’.
881 3903 966 3956 8i.
991 3902 1274 3973 [Πέζευμα
1292 3921 1410 3960 esse.
1434 3907 1616 3974 palatii
1648 3907 1822 3962 locum
1843 3925 1950 3978 quo
1988 3911 2280 3980 imperator
2383 3915 2544 3968 simul
2584 3915 2840 3981 apostolis
2870 3915 3082 3968 dicatus
3107 3923 3210 3967 est.
3252 3913 3450 3968 Gns'rs.

718 3993 962 4057 πεζεύει,
997 3997 1310 4050 manifestat
1342 4013 1465 4065 cap.
1498 3999 1550 4059 5,
1595 3999 1850 4067 idemque
1881 4001 2123 4056 declarat
2153 4014 2278 4056 nota
2452 4003 2593 4058 Ibid.
2620 4004 2719 4075 [De
2749 4005 3135 4072 Apostolorum
3175 4004 3314 4058 festo
3338 4004 3649 4058 solemnius
3671 4001 3784 4056 ΟΡ.
3817 4003 3970 4056 cele-

718 4088 786 4140 atl
816 4103 870 4154 p.
895 4087 984 4140 29.
1018 4086 1216 4159 (ἶυΑιι.]
2381 4094 2386 4146 l

2381 4094 2538 4148 brato
2571 4096 2685 4150 lucc
2713 4094 3107 4164 Theophanes:
3144 4094 3352 4161 Φῆστος
3394 4093 3769 4160 συγκλητικὸς
3816 4090 3971 4144 Ῥῶ-

792 4177 930 4232 Ibid.
1019 4178 1237 4233 Festum
1292 4179 1349 4233 S.
1386 4180 1603 4250 Georgii
1664 4182 1922 4252 martyris
1992 4186 2274 4239 celebrant
2385 4204 2458 4254 μη

2385 4203 2490 4254 μης
2523 4187 2850 4248 ἀποσταλεὶς
2880 4187 3017 4254 πρὸς
3054 4184 3403 4237 Ἀναστάσιον
3455 4182 3545 4235 διά
3581 4200 3745 4245 τινας
3767 4182 3970 4252 χρείας

714 4270 894 4323 (ἓνκοί
917 4270 988 4322 23
1017 4271 1104 4324 dic
1137 4271 1360 4338 Aprilis.
1410 4270 1795 4338 Manganensis
1828 4274 2140 4328 t'uonasterii
2172 4291 2280 4328 tne-

2382 4277 2665 4337 πολιτικὰς
2684 4276 2781 4338 τὰς
2813 4276 3034 4343 μνήμας
3054 4274 3163 4326 τῶν
3198 4275 3370 4340 ἁγίων
3402 4273 3731 4326 ἀποστόλων
3751 4273 3973 4342 Πέτρου

717 4363 880 4415 mittit
915 4362 1357 4418 Cantacuzenus.
1399 4363 1433 4415 Ι.
1473 4378 1507 4423 ι,
1543 4378 1588 4413 c.
1630 4364 1696 4413 50
1730 4373 1782 4416 et
1824 4364 1910 4427 59,
1948 4377 2000 4418 et
2035 4367 2074 4420 l.
2126 4383 2199 4426 tv,
2226 4384 2276 4420 c.
2382 4387 2385 4395 ·

2382 4369 2473 4418 καὶ
2506 4367 2711 4418 Παύλου
2731 4364 3246 4435 πανηγυρικώτερον
3278 4362 3654 4416 ἐπιτελεῖσθαι
3685 4363 3975 4432 ᾐτήσατο.

720 4455 786 4508 16
821 4461 876 4507 et
911 4454 980 4506 49.
1011 4461 1064 4506 et
1095 4455 1183 4517 45,
1217 4454 1267 4504 in
1301 4468 1408 4519 quo
1467 4454 1783 4520 aliquandiu
1841 4455 2276 4520 Cantacuzenus,

1841 4455 2276 4520 Cantacuzenus,
2388 4460 2451 4508 Ὃ
2475 4461 2567 4510 καὶ
2597 4459 2789 4524 κρατεῖ
2825 4457 2986 4524 μέχρι
3004 4457 3096 4508 καὶ
3121 4454 3236 4508 νῦν.
3267 4453 3464 4524 Gou.]

714 4543 968 4611 deposito
994 4543 1246 4610 imperio,
1279 4544 1441 4595 vitam
1468 4545 1825 4596 monasticam
1859 4544 1986 4610 egit.
2026 4546 2275 4611 Ejusdem
2315 4573 2354 4626 ι)
2457 4546 2598 4601 Ibid.
2667 4546 2884 4601 Festum
2913 4546 3441 4615 Transligurationis
3488 4553 3661 4612 agunt.
3714 4542 3902 4598 Greci
3942 4543 3978 4597 6

718 4635 1012 4703 aliquoties
1071 4634 1274 4686 mentio
1306 4634 1361 4686 ﬁt
1397 4634 1449 4686 in
1489 4633 1724 4686 Historia
1756 4633 2043 4701 Nicephori
2079 4640 2280 4705 Grego.
2385 4638 2632 4704 Augusti.
2668 4637 2724 4689 In
2758 4636 3091 4688 monasterio
3147 4633 3559 4686 Pantocratoris
3593 4632 3859 4698 sepultus
3891 4638 3982 4683 est

719 4746 814 4783 ne.
843 4731 897 4781 lu
955 4731 1055 4783 hac
1093 4730 1438 4795 processione
1471 4733 1534 4780 ad
1567 4728 1830 4798 Maugaua
1861 4730 1948 4784 die
1977 4729 2032 4783 S.
2068 4732 2282 4798 Georgii
2387 4725 2602 4779 Mauucl
2635 4726 2945 4779 Coninenus
2983 4725 3302 4792 imperator,
3342 4723 3612 4777 utscribit
3644 4721 3878 4777 Nicetas
3908 4723 3979 4777 ad

719 4822 1082 4874 Constantino
1123 4820 1281 4872 Dncre
1306 4820 1618 4886 imperatori
1652 4820 1864 4873 insidia:
1895 4830 2113 4875 structze
2136 4831 2284 4881 sunt,
2386 4819 2584 4872 enicem
2625 4817 2744 4870 libri
2776 4831 2846 4870 vn
2879 4817 2952 4870 De
2982 4815 3145 4869 rebus
3179 4815 3578 4868 Emmanuelis.
3616 4812 3824 4868 Gaz-rs.

627 4953 629 4955 ,
717 4933 857 4984 quas
889 4926 1068 4968 tamen
1103 4918 1219 4981 ipsc
1244 4914 1469 4968 feliciter
1514 4915 1706 4976 evasit,
1750 4922 1806 4967 ut
1839 4916 2024 4967 scribit
2051 4914 2285 4967 Joannes
2459 4907 2596 4959 Ibid.
2635 4904 2866 4976 [lrenem
2896 4905 3194 4959 AndrOuici
3221 4905 3461 4957 senioris
3489 4918 3726 4958 uxorem
3767 4903 3828 4957 in
3871 4903 3984 4959 hoc

717 5007 1070 5075 t.ur0p:.lata.
1121 5004 1507 5060 Monasterium
1593 5006 1961 5072 Mattguttcnse
2021 5007 2287 5058 exstruxit
2389 4999 2715 5050 Inonaswt‘io
2769 4998 3033 5063 sepultam
3093 5007 3278 5049 narrat
3309 4995 3585 5063 Gregoras
3608 5011 3706 5060 vn,
3736 4997 3854 5062 l6;
3888 5014 3980 5052 rc-

721 5100 1114 5153 Mnnomztcltus
1145 5102 1461 5166 imperator,
1494 5099 1721 5152 testibus
1749 5097 1996 5150 Ccdrcno
2027 5109 2079 5150 ct
2111 5097 2284 5150 Cum-
2387 5089 2677 5156 gttaﬂlibtls
2711 5089 2762 5141 in
2784 5088 3002 5141 Οτῖεηιθ
3031 5086 3364 5149 hands.“
3394 5087 3504 5139 τῶν
3529 5088 3787 5140 Λατίνων
3819 5088 3986 5156 βασί-

720 5194 932 5261 palatn;
971 5192 1058 5242 ubi
1086 5194 1247 5243 etiam
1276 5194 1522 5257 Sepultus
1550 5200 1652 5244 est.
1687 5189 1890 5244 GltETS.
2386 5188 2388 5194 “

2386 5187 2502 5236 λεια
2546 5186 2578 5252 ἡ
2636 5182 2729 5234 τοῦ
2766 5180 3200 5247 παντοκράτορος
3254 5181 3467 5247 ὑπῆρχε
3527 5180 3713 5249 μονή,
3769 5182 3981 5234 scribit

797 5283 932 5335 Ibid.
962 5283 1260 5353 [Cedru-ntts
1293 5284 1358 5336 dc
1391 5282 1671 5351 Manganis
1696 5282 1818 5334 loco
1849 5300 1860 5334 :
1899 5282 2100 5349 Ἔργον
2128 5282 2287 5332 Βασιι
2389 5275 2526 5327 idem
2564 5290 2634 5334 Iv,
2682 5273 2713 5324 4
2741 5288 2755 5335 ;
2783 5270 2986 5338 regiam
3024 5267 3363 5336 SCPUIWT-‘m
3404 5269 3628 5322 deder“
3661 5270 3824 5338 Ρνίυε
3869 5271 3988 5324 Μ²⁶

717 5375 863 5426 ὶείιιυ
900 5377 986 5426 τοῦ
1045 5374 1304 5441 βασιλέως
1341 5375 1430 5424 καὶ
1459 5376 1484 5423 ὀ
1511 5373 1804 5438 λεγόμενος
1836 5367 1981 5431 οἶκος
2009 5371 2073 5421 τὰ
2125 5370 2283 5434 Μάγ-

2387 5365 2532 5417 ιιιιυΙί
2566 5364 2866 5421 Conmeno,
2913 5368 3180 5412 utauctor
3210 5369 3293 5411 est
3321 5358 3541 5412 Nicetas
3580 5360 3634 5411 in
3671 5360 3799 5425 eius
3825 5359 3981 5415 Vita.

721 5485 858 5528 71v:
889 5466 979 5516 καὶ
1004 5467 1031 5516 6
1063 5466 1243 5532 ἕτερος
1277 5466 1302 5515 6
1345 5466 1458 5524 νέος
1485 5463 1837 5529 καλούμενος.
1865 5461 2031 5525 Quas,
2067 5469 2122 5512 ut
2157 5461 2285 5513 Sub-

2389 5458 2426 5509 Α
2457 5455 2651 5508 Basilio
2693 5452 2980 5505 Macedone
3029 5452 3208 5518 primo
3262 5462 3651 5504 constructum
3703 5463 3984 5507 ctannuu

719 5561 818 5612 ιιιι,
847 5574 912 5608 eu
947 5556 1438 5625 pwpusivm-rcxit,
1472 5572 1537 5607 ne
1565 5554 1810 5621 publicos
1835 5553 2040 5605 reditus
2074 5551 2123 5602 in
2157 5566 2285 5604 usus
2387 5565 2554 5601 censu
2597 5546 2763 5597 fuisse
2795 5544 3062 5596 donatum
3096 5552 3288 5595 auctor
3329 5554 3415 5595 est
3448 5542 3782 5596 Cedrenus:
3811 5542 3984 5613 Ἅνή-

721 5661 961 5719 prtvatos
994 5659 1241 5702 verterit.
1284 5649 1411 5700 Eum
1445 5649 1515 5700 ob
1547 5663 1658 5698 rem
1696 5645 1898 5696 reditus
1924 5644 2001 5696 eis
2035 5659 2096 5696 cx
2140 5643 2283 5708 agri-
2387 5659 2389 5666 ·

2387 5653 2534 5704 γειρε
2560 5635 2614 5686 δὲ
2642 5633 2787 5699 (ναὸν
2815 5629 3108 5695 Βασίλειος)
3131 5631 3304 5681 καὶὲκ
3339 5634 3536 5697 καινῆς
3571 5629 3627 5682 ἐν
3653 5632 3780 5691 ταῖς
3824 5631 3984 5696 βασι-

719 5744 950 5796 νιιΙιιιιῖε
981 5743 1332 5811 pratentibus
1365 5739 1648 5794 constituit
1681 5735 1844 5804 342
1877 5735 2116 5794 idoneus,
2145 5735 2285 5785 unde

2387 5729 2549 5788 λείοις
2575 5726 2765 5786 αὐλαῖς
2799 5726 2876 5783 εἰς
2898 5725 3072 5786 ὄνομα
3097 5722 3190 5772 τοῦ
3217 5722 3493 5772 Δεσπόοου
3518 5721 3786 5788 Σωτῆρος
3821 5722 3941 5790 Χρι
3959 5750 3981 5761 -

719 5833 1076 5903 imperatorio
1137 5835 1388 5886 romivio
1441 5848 1536 5898 pro
1591 5846 1646 5883 se
1686 5840 1734 5882 ut
1782 5829 1843 5879 its
1875 5827 1963 5893 qui
2005 5837 2113 5877 tutu
2154 5825 2279 5876 anni

2391 5819 2532 5872 στοῦ.
2566 5816 2624 5869 Et
2659 5816 2794 5870 iul't‘a
2825 5831 2836 5867 :
2875 5816 2979 5868 Καὶ
3007 5814 3197 5875 ἄλλους
3231 5813 3284 5864 δὲ
3316 5811 3544 5873 πολλοὺς
3583 5811 3774 5874 θείους
3813 5814 3980 5871 ναοὺς
