4224 6450
304 407 403 473 381

1388 407 1769 472 GRETSERI
1817 408 1906 465 ET
1944 404 2179 467 COAI’J
2224 408 2461 467 NOTJE-

3422 407 3525 469 38?.

292 524 444 585 ἐντδς
463 520 558 575 τοῦ
584 522 844 575 transiet:
865 519 1169 590 ἒδομήσατο
1190 519 1267 582 εἰς
1289 518 1457 588 ὄνομα
1480 517 1572 571 τοῦ
1598 516 1846 584 Σωτῆρος
1881 522 1925 578 Λ
1957 535 1960 569 ι

1881 522 1925 578 Λ
1957 534 2117 570 mano
2145 520 2209 571 ad
2244 520 2389 572 diem
2418 518 2485 571 -l5
2512 515 2740 585 Augusti
2776 515 2904 567 illud
2924 516 2990 569 de
3028 514 3266 571 secunda
3295 513 3523 568 Assum-

292 613 550 684 Χριστοῦ.
580 613 778 688 Goan.]

364 706 505 764 Ibid.
560 708 655 763 Die
718 705 783 761 l5
826 700 1055 776 Augusti
1112 713 1281 776 agunt
1326 704 1505 759 Latini
1562 719 1683 758 cum
1713 704 1857 758 Gras-

289 798 375 853 cis
410 802 816 869 assumptionem
840 796 906 851 Ι).
951 797 1198 868 Virginis.
1227 797 1425 859 Graci,
1457 807 1513 850 ut
1546 808 1766 865 apparet
1788 812 1853 849 ex

296 888 516 946 Menais
541 899 593 945 et
638 888 982 958 Menologiis.
1010 897 1207 943 vocant
1238 890 1339 942 hoc
1371 886 1566 943 festum
1597 887 1855 955 κοίμησιν

286 980 386 1050 τῆς
406 980 707 1048 ὑπεραγίας
723 980 1008 1052 δεσποίνης
1024 971 1177 1047 ἡμῶν
1193 976 1476 1032 Θεοτόκου.
1499 980 1559 1033 Ει
1578 978 1679 1032 hoc
1701 975 1855 1030 titulo

288 1073 740 1127 exstantl’atrum
760 1075 1036 1127 orationes
1055 1066 1109 1124 in
1129 1070 1233 1124 hoc
1250 1069 1467 1132 festum,
1495 1069 1631 1124 utB.
1656 1069 1853 1123 Dama-

291 1163 443 1219 sceni
656 1172 708 1217 et
736 1163 961 1218 Andreae
987 1160 1274 1217 Cretensis.
1322 1161 1584 1216 Mortuam
1609 1174 1737 1229 ergo
1764 1173 1857 1213 vo—

289 1251 412 1306 lunt
454 1252 520 1307 15
550 1254 636 1307 die
655 1250 881 1321 Augusti
906 1268 920 1314 ;
944 1250 1253 1322 adduntque
1279 1252 1469 1307 eodem
1496 1246 1583 1305 die
1614 1263 1856 1304 resurre-

286 1340 436 1396 xisse
464 1350 519 1396 et
546 1340 727 1396 animo
761 1339 921 1395 simul
969 1351 1023 1395 et
1055 1356 1280 1410 corpore
1299 1343 1353 1395 in
1386 1340 1579 1393 cmlnm
1613 1354 1858 1406 assump-

291 1442 399 1484 tam
430 1447 571 1487 esse.
601 1426 778 1498 Quare
808 1444 930 1501 post
950 1432 1318 1501 supradictum
1350 1430 1415 1484 de
1441 1430 1769 1483 Dormitiene
1792 1429 1856 1482 ti-

293 1522 466 1577 tulum
499 1522 834 1593 subiungunt
872 1517 1068 1576 llenzea
1104 1540 1117 1575 :
1148 1518 1237 1590 Τῷ
1271 1518 1422 1590 αὑτῷ
1482 1523 1609 1591 μηνὶ
1662 1537 1855 1573 πεντε-

290 1614 591 1685 καιδεκάτῃ
622 1616 653 1681 ή
686 1613 962 1683 σιϐασμέα
1011 1614 1339 1682 μετάστασις
1368 1613 1469 1681 τῆς
1497 1612 1853 1681 ὑπερενδὸξου

287 1705 573 1775 δισποίνης
603 1703 759 1773 ἡμῶν
788 1703 1049 1758 Osos/axon
1086 1706 1180 1758 καὶ
1212 1704 1575 1774 ἀειπειρθένου
1604 1701 1845 1770 Μαρίας.

290 1796 493 1851 Eodem
517 1812 643 1866 ergo
664 1797 750 1852 die
773 1806 827 1852 et
855 1796 989 1850 obiit
1012 1804 1067 1851 et
1098 1796 1163 1851 ad
1194 1796 1382 1863 cmlos,
1411 1794 1634 1850 reducta
1659 1796 1711 1847 in
1736 1810 1849 1848 cor-

1959 614 2138 678 ptione
2163 627 2281 667 esse
2323 612 2710 667 assumendum
2746 624 2851 663 non
2910 622 2939 660 a
2966 608 3129 673 Beda,
3161 608 3258 663 sed
3298 623 3325 661 a
3383 607 3523 659 mala

1955 706 2205 773 quapiam
2249 720 2434 758 manu.
2474 704 2583 758 Nec
2614 699 2951 758 consuetudo
3000 697 3391 754 Germanorum
3435 699 3529 752 tri-

1954 797 2217 853 cesimum
2246 804 2539 865 assumpta:
2561 794 2797 862 Virginis
2813 791 3202 848 celebrantium
3225 793 3521 862 quidquam

1958 890 2097 942 hanc
2143 886 2554 957 persuasionem
2596 885 2785 952 juvat:
2849 899 2957 938 non
3013 883 3159 937 enim
3216 883 3266 936 id
3320 882 3523 939 faciunt

1956 974 2112 1043 quasi
2141 973 2417 1029 tricesimo
2440 972 2656 1027 demum
2689 972 2776 1026 die
2803 972 3041 1027 rediviva
3104 973 3159 1026 in
3184 973 3351 1028 cmlos
3377 978 3523 1028 exal-

1958 1076 2068 1122 tata
2099 1066 2281 1133 fuerit,
2315 1066 2409 1121 sed
2443 1066 2567 1120 totis
2599 1065 2704 1121 illis
2754 1065 2974 1134 triginta
3006 1066 3198 1121 diebus
3226 1070 3527 1137 assumptio

1960 1156 2015 1213 in
2051 1158 2252 1214 caelum
2291 1159 2475 1213 statim
2506 1174 2536 1212 a
2586 1164 2764 1212 morte
2800 1156 2938 1212 facta
2972 1158 3311 1213 decantatur.
3349 1159 3520 1215 Grmri

1959 1265 2065 1304 non
2100 1260 2267 1320 agunt
2289 1248 2455 1321 3“
2488 1254 2629 1303 hunc
2662 1250 3021 1309 tricesimum.
3062 1260 3118 1301 ut
3142 1257 3287 1317 patet
3315 1264 3379 1302 ex
3421 1249 3525 1319 Ty-

1958 1339 2079 1406 pieo
2112 1339 2167 1393 S.
2202 1338 2374 1402 Saba,
2403 1355 2468 1393 ex
2494 1338 2696 1391 Mento
2729 1339 2781 1391 in
2810 1341 3054 1407 Augusto
3077 1348 3132 1393 et
3190 1338 3523 1408 Septembri.

1963 1431 2056 1484 Est
2083 1430 2299 1485 devotio
2326 1430 2674 1492 Germanica,
2714 1439 2768 1483 et
2800 1440 2976 1484 exstat
3006 1430 3056 1483 in
3087 1431 3364 1500 plerisque
3390 1430 3523 1486 Mis-

1958 1521 2166 1576 salibus
2219 1529 2273 1575 et
2296 1519 2611 1586 Breviariis,
2648 1519 2701 1572 in
2735 1519 3521 1590 Eystettensi,ltatisponensi,

1958 1607 2386 1683 Salisburgensi,
2426 1609 2787 1681 Frisingensi,
2811 1612 3095 1679 Curiensj;
3128 1612 3422 1681 multisque
3445 1614 3524 1666 lo-

1957 1705 2055 1768 cis,
2092 1719 2307 1761 summo
2368 1719 2529 1759 mane
2562 1720 2657 1774 per
2702 1706 2920 1774 triginta
2982 1707 3102 1761 illos
3157 1707 3272 1760 dies
3313 1707 3524 1759 canitur

1960 1797 2196 1851 oliicium
2230 1797 2295 1851 de
2321 1796 2380 1852 Β.
2407 1796 2646 1867 Virgine,
2680 1797 3015 1853 Gaudeamus
3054 1815 3226 1852 omnes
3266 1808 3390 1863 etc.,
3418 1799 3524 1852 frc-

289 1902 392 1956 pus
425 1887 627 1953 anima,
653 1887 787 1942 abiit
816 1888 1159 1943 sanctissima
1207 1885 1456 1956 Deipara.
1496 1884 1651 1950 Quod
1685 1888 1848 1940 etiam
1884 1901 1926 1957 ε
1956 1887 2142 1956 quenti
2174 1888 2372 1956 populo
2402 1898 2737 1942 accnrrente.
2774 1888 2834 1941 Et
2882 1890 2968 1942 hic
2999 1886 3309 1955 lngolstadii
3345 1890 3526 1957 quoti-

286 1978 482 2033 Latina
518 1974 755 2034 Ecclesia
780 1980 983 2034 sentire
1019 1978 1251 2043 videtur,
1280 1993 1398 2046 qua
1430 1976 1519 2031 die
1568 1978 1634 2031 l5
1661 1978 1849 2048 Augu-

288 2072 355 2125 sti
375 2070 794 2139 Assumptionem
819 2068 878 2123 Β.
912 2069 1147 2139 Virginis
1168 2069 1393 2125 solemni
1416 2070 1740 2123 caeremonia
1760 2084 1853 2123 ce-

289 2161 486 2227 lebrat,
527 2160 740 2216 tametsi
764 2159 832 2215 de
857 2159 1199 2224 Domitiana,
1228 2168 1411 2213 utrum
1438 2157 1623 2212 eodem
1661 2157 1746 2212 die
1783 2172 1851 2211 an

289 2250 472 2319 aliquo
494 2252 823 2319 praecedente
844 2250 1120 2313 acciderit,
1150 2249 1282 2304 nihil
1311 2248 1491 2303 tradit.
1527 2247 1705 2302 Latini
1735 2246 1855 2315 qui-

290 2341 413 2394 dam
447 2340 819 2411 martyrologi.
862 2349 921 2395 ut
954 2338 1071 2395 Αάο
1122 2347 1178 2395 et
1234 2337 1533 2403 Usnardus,
1569 2336 1858 2390 Dormitia-

290 2450 427 2497 nem,
493 2447 604 2487 non
644 2434 1065 2501 Assumptionem
1116 2431 1442 2502 indigitant;
1496 2431 1651 2499 cujus
1690 2443 1853 2482 causa

288 2526 488 2579 acriter
516 2512 569 2578 in
591 2524 714 2580 illos
744 2525 972 2593 insurgit
1018 2524 1283 2578 Baronins
1314 2539 1456 2577 anno
1483 2521 1853 2588 Redemptoris

288 2618 390 2683 ὁδε
406 2632 609 2688 eosque
636 2625 894 2687 provocat
925 2616 990 2671 ad
1020 2616 1399 2686 antiquissima
1446 2613 1676 2667 Romani
1714 2613 1853 2666 Mar-

291 2707 539 2776 tyrol0gii
566 2706 813 2777 vestigia,
854 2707 944 2761 ubi
992 2720 1099 2761 non
1131 2703 1394 2761 Domitio
1422 2705 1512 2759 sed
1552 2702 1851 2770 Assumptio

288 2800 522 2868 legatur.
567 2797 785 2853 Veniam
821 2799 910 2852 det
936 2812 1159 2867 magnus
1190 2796 1475 2850 Annalium
1506 2794 1773 2855 conditor,
1808 2792 1851 2844 si

288 2892 417 2958 quid
443 2892 628 2946 dixero
649 2905 747 2960 pro
772 2891 1099 2958 supradictis
1123 2888 1521 2958 martyrologis.
1549 2885 1850 2940 Romanum

286 2982 731 3051 Martyrologium
747 2980 990 3035 omnium
1012 2979 1240 3033 aliorum
1271 2978 1717 3039 vetustissimum,
1749 2990 1851 3028 saa-

287 3092 353 3145 pe
389 3092 418 3130 a
453 3076 686 3129 Baronio
734 3074 1094 3129 desideratum
1126 3074 1219 3128 sed
1271 3072 1521 3139 n_uspiam
1557 3077 1849 3135 repertum,

286 3186 463 3240 nuper
491 3169 705 3223 demum
736 3168 915 3223 studio
946 3166 1212 3220 Heriberti
1234 3163 1520 3234 Roswcydi
1555 3164 1721 3217 nostri
1753 3177 1850 3231 pu-

288 3264 547 3318 blicatum
584 3271 642 3317 et
685 3260 850 3315 Paulo
885 3258 923 3311 V
956 3257 1197 3329 pontifici
1236 3257 1475 3310 maximo
1510 3256 1850 3323 inscriptum,

289 3357 415 3417 hoc,
447 3354 691 3422 inquam,
718 3350 1165 3421 Martyrologium
1222 3348 1289 3402 15
1317 3348 1403 3402 die
1459 3344 1678 3417 Augusti
1711 3345 1852 3398 hanc

287 3439 693 3509 inscriptionem
724 3438 938 3508 prefert
966 3455 980 3491 :
1008 3437 1065 3491 S.
1102 3435 1292 3491 Maria
1314 3437 1594 3490 Dormitio.
1633 3435 1688 3487 Si
1722 3449 1851 3503 ergo

287 3529 640 3601 martyrologi
671 3529 747 3584 illi
779 3529 1093 3598 primarum
1149 3525 1251 3582 hoc
1280 3527 1540 3582 Romana:
1593 3525 1851 3580 Ecclesia:

287 3618 733 3692 Martyrologium
789 3618 959 3672 secuti
1018 3627 1164 3682 sunt,
1200 3617 1325 3685 quid
1366 3615 1698 3685 peccarunt?
1738 3614 1850 3670 Nec

288 3722 513 3775 mirum,
558 3709 685 3780 quia
719 3708 899 3764 forsan
932 3708 1038 3763 illis
1074 3708 1371 3773 Assumptio
1428 3706 1668 3774 Deiparae
1726 3720 1848 3759 cum

287 3816 524 3873 corpore
560 3811 615 3856 et
643 3800 821 3855 anima
855 3809 961 3855 tam
995 3799 1198 3868 liquida
1229 3812 1335 3852 non
1370 3797 1472 3851 fuit
1503 3811 1663 3865 quam
1698 3795 1852 3850 nobis

288 3908 375 3952 est
408 3895 590 3957 hodie.
626 3894 752 3964 quia
781 3893 980 3948 veritas
1012 3891 1277 3962 paulatim
1298 3889 1470 3960 magis
1495 3898 1656 3957 atque
1682 3888 1852 3958 magis

288 3987 510 4057 eruitur
530 3994 584 4040 et
610 3983 936 4047 elucidatur,
971 3982 1041 4035 ita
1073 3991 1130 4035 ut
1163 3980 1307 4051 quod
1338 3980 1610 4047 prioribus
1639 3979 1851 4034 saeculis

288 4077 764 4134 obscuriusculutn
798 4075 1121 4140 habebatur,
1154 4074 1206 4127 id
1258 4072 1490 4142 posteris
1514 4071 1852 4139 temporibus

289 4175 435 4225 clara
471 4170 524 4224 in
557 4168 673 4221 luce
700 4174 1015 4237 reponatur.
1061 4165 1284 4219 Accedit
1336 4165 1479 4233 quod
1516 4161 1768 4216 Rabanus
1800 4169 1853 4216 et

294 4261 562 4316 Notkerns
615 4263 672 4313 in
704 4260 820 4314 suis
846 4255 1245 4327 lartyrologiis
1289 4254 1648 4325 appellatione
1692 4252 1851 4307 hodie

291 4355 501 4409 Latinis
532 4360 784 4407 consueta
816 4359 1077 4403 utantur:
1105 4349 1247 4417 apud
1276 4357 1565 4416 utrumque
1599 4346 1741 4400 enim
1778 4344 1852 4397 le-

291 4464 383 4517 ges
419 4446 720 4514 Auumptio
750 4443 817 4499 Β.
844 4442 1032 4497 uarie
1067 4442 1331 4511 genitricis
1362 4440 1478 4504 Dei,
1514 4448 1651 4494 utet
1710 4437 1850 4506 apud

1954 1979 2041 2031 die
2106 1994 2201 2047 per
2231 1979 2448 2047 triginta
2477 1979 2593 2034 dies
2634 1995 2698 2034 ex
2723 1980 3156 2049 congregationis
3186 1981 3521 2035 Academico

1953 2066 2264 2122 fundatione
2306 2068 2507 2123 litanias
2563 2078 2615 2123 et
2640 2069 2759 2123 aliae
2804 2070 3086 2125 cautiones
3142 2082 3410 2124 canuntur
3464 2072 3515 2124 in

1955 2160 2152 2227 templo
2181 2160 2240 2214 D.
2281 2160 2539 2231 Virginis,
2590 2162 2843 2230 idemque
2874 2163 2931 2216 ﬁt
2972 2164 3025 2216 in
3060 2164 3391 2217 Mauriciana
3427 2180 3521 2232 pa-

1955 2250 2163 2303 rochia.
2191 2248 2253 2303 Et
2290 2251 2564 2318 quamvis,
2601 2259 2658 2304 ut
2696 2251 2865 2319 aliqui
2913 2251 3199 2319 objiciunt,
3253 2270 3281 2307 a
3317 2252 3519 2307 Grai-ci;

1952 2340 2112 2394 etiam
2140 2340 2500 2395 schismaticis
2529 2352 2709 2395 ortum
2744 2342 2985 2408 haberet,
3020 2345 3160 2412 quod
3197 2356 3373 2398 tamen
3434 2363 3518 2398 se-

1952 2447 2049 2488 cus
2079 2442 2183 2497 est,
2217 2449 2322 2489 non
2349 2434 2470 2489 ideo
2488 2434 2839 2504 improbanda
2857 2438 3131 2491 essethaec
3150 2440 3515 2504 consuetudo;

1955 2538 2079 2578 nam
2118 2536 2172 2577 et
2201 2538 2230 2577 a
2283 2525 2649 2580 schismaticis
2710 2527 2911 2580 bonum
2948 2528 3167 2596 aliquod
3206 2529 3512 2581 institutum

1954 2616 2222 2687 proficisci
2245 2628 2439 2687 potest.
2478 2618 2572 2672 Est
2604 2633 2733 2685 ergo
2756 2634 2783 2670 a
2817 2617 3107 2673 Germanis
3140 2620 3224 2673 hic
3258 2636 3392 2682 mos,
3427 2624 3516 2690 qui

1954 2708 2219 2764 defunctis
2244 2710 2571 2763 tricesimum
2593 2725 2751 2779 agere
2771 2711 2984 2776 solent;
3015 2723 3067 2764 et
3088 2712 3285 2765 alicubi
3317 2713 3362 2766 si
3394 2714 3522 2779 quis

1955 2800 2229 2855 honestior
2264 2809 2506 2853 mortuus
2552 2808 2653 2864 est,
2686 2816 2794 2854 non
2852 2810 3057 2855 tantum
3110 2811 3394 2870 parentant
3442 2804 3516 2856 illi

1955 2893 2113 2946 tertio
2137 2893 2367 2958 septimo
2397 2900 2451 2944 et
2492 2891 2763 2946 tricesimo
2804 2892 2909 2953 die.
2955 2894 3047 2946 sed
3080 2894 3320 2961 quotidie
3366 2895 3519 2947 habi-

1954 2990 2008 3034 ιιι
2042 2981 2251 3048 lugubri
2277 2981 2342 3034 ad
2373 2980 2594 3034 missam
2628 2991 2680 3033 et
2717 2982 2780 3035 ad
2822 2997 3069 3050 vesperas
3098 2994 3249 3046 ettnl,
3308 2993 3361 3035 et
3391 2983 3518 3037 olle-

1955 3083 2077 3128 runt
2105 3073 2170 3126 ad
2203 3073 2373 3127 altare
2405 3072 2622 3142 quidem
2684 3074 2991 3142 pecuniam,
3028 3074 3091 3127 ad
3130 3074 3512 3141 cenotaphium

1954 3179 2081 3217 vero
2115 3164 2235 3231 (aui
2256 3163 2348 3217 der
2378 3164 2531 3225 baar)
2598 3164 2810 3225 vinum,
2878 3180 3063 3234 panes,
3098 3175 3201 3218 etc.
3261 3164 3516 3219 Germani

1876 3224 1921 3286 δ
1955 3270 2082 3325 ergo
2117 3255 2450 3311 venerationi
2476 3256 2613 3310 diva:
2648 3254 2881 3325 Virginis
2943 3256 3301 3310 addictissimi
3357 3257 3515 3309 ctiam

1954 3364 2046 3417 per
2077 3358 2153 3402 tot
2179 3348 2294 3403 dies
2329 3358 2612 3416 parentare
2646 3349 2931 3403 voluerunt
2963 3348 3099 3403 divae
3132 3347 3361 3417 Virgini.
3410 3364 3518 3402 non

1951 3442 2249 3507 lugubriter
2278 3449 2333 3493 nt
2363 3450 2611 3504 mortuae,
2647 3441 2739 3494 sed
2779 3441 3020 3494 hilariter
3058 3454 3116 3493 ut
3148 3442 3198 3492 in
3230 3442 3396 3495 cmlos
3428 3454 3518 3492 as-

1952 3542 2210 3599 sumpta:
2242 3531 2367 3585 hinc
2401 3547 2505 3585 non
2534 3532 2828 3587 audiuntur
2877 3530 3122 3585 funebria
3154 3530 3385 3592 cantica,
3421 3530 3513 3583 sed

1952 3622 2132 3677 omnia
2161 3623 2223 3675 ad
2250 3622 2487 3677 laetitiam
2529 3633 2862 3691 comparata.

2027 3711 2086 3765 l’.
2126 3712 2214 3766 8i.
2254 3712 2608 3766 Decollationi
2636 3711 2694 3767 S.
2722 3709 2947 3765 Joannis
2975 3709 3227 3778 Baptistae
3252 3723 3405 3763 sacer
3430 3717 3513 3763 est

1954 3802 2070 3857 dies
2098 3804 2165 3858 9.9
2208 3803 2435 3873 Augusti
2476 3813 2582 3857 tam
2608 3802 2749 3873 apud
2782 3801 3000 3857 Graecos
3051 3816 3211 3868 quam
3249 3801 3388 3869 apud
3419 3799 3518 3853 La-

1954 3896 2119 3950 tinos.
2159 3896 2212 3948 In
2250 3896 2351 3949 hoc
2381 3895 2578 3950 festum
2622 3895 2776 3948 varia:
2808 3902 3022 3948 exstant
3066 3893 3372 3945 Gra'cnrutn
3422 3894 3519 3947 l‘a-

1957 3996 2097 4037 trum
2133 3985 2391 4038 homilire.
2427 3983 2542 4037 Non
2571 3986 2853 4052 pauciores
2884 3983 3021 4037 forte
3057 3982 3230 4036 adhuc
3255 3983 3305 4034 in
3332 3982 3458 4034 lnhli
3482 4002 3522 4032 λ-

1958 4080 2131 4134 thecis
2171 4094 2295 4132 cum
2325 4079 2484 4133 tineis
2515 4077 2806 4144 blattisque
2838 4078 3031 4131 bellum
3066 4086 3276 4144 gerunt.

2028 4171 2088 4221 P.
2119 4169 2206 4222 82.
2240 4168 2491 4223 Secundo
2520 4170 2608 4222 die
2638 4167 2764 4221 Julii
2792 4179 2957 4237 agunt
2990 4168 3161 4221 Graaci
3197 4169 3517 4221 anniversa-

1955 4261 2089 4314 riam
2120 4260 2436 4314 memoriam
2491 4260 2749 4328 depositre
2788 4262 2836 4312 in
2878 4260 3078 4328 templo
3133 4259 3517 4313 Blachernensi

1956 4356 2110 4408 vestis
2144 4355 2382 4421 Deiparm
2418 4352 2644 4420 virginis
2678 4353 2780 4406 sub
2809 4352 2986 4405 Leone
3018 4362 3070 4405 et
3117 4351 3313 4405 Verina
3352 4354 3517 4420 imnp.

1959 4444 2091 4499 Vide
2126 4444 2383 4497 “enatum
2435 4444 2582 4497 dicto
2616 4443 2701 4495 die
2752 4441 2901 4497 Julii.
2958 4442 3027 4496 At
3059 4443 3117 4494 51
3173 4443 3257 4496 dic
3289 4445 3518 4510 Augusti

290 4538 514 4593 Bedam.
545 4535 742 4602 Quare,
769 4542 826 4589 ut
857 4534 909 4587 in
942 4533 1186 4588 semitam
1218 4542 1576 4596 revertamur,
1606 4528 1855 4584 beatissi-
1886 4563 1932 4618 ο

1852 4558 1855 4567 ν
1886 4563 1932 4618 ο
1960 4547 2126 4605 agunt
2157 4537 2316 4589 iidem
2348 4535 2519 4590 Graeci
2554 4534 2984 4589 anniversariam
3017 4535 3332 4588 memoriam
3364 4540 3520 4594 depo-

288 4646 433 4684 mam
472 4626 742 4697 Virginem
773 4625 962 4679 eodem
992 4625 1082 4679 die
1107 4632 1399 4685 mortuam,
1438 4620 1710 4690 sepultam
1739 4630 1793 4673 et
1820 4635 1851 4681 a

290 4720 524 4778 mortuis
551 4719 839 4773 excitatam
870 4733 993 4771 eum
1046 4715 1357 4772 Graecorum
1395 4712 1614 4765 Maximis
1674 4710 1851 4765 credi-

288 4829 438 4877 mus,
493 4812 618 4868 licet
681 4811 1047 4865 Damascenus
1141 4805 1613 4861 resuscitationem
1698 4803 1856 4857 tertio

287 4909 512 4963 demum
544 4904 611 4959 ab
641 4903 792 4957 obitu
823 4903 908 4956 die
939 4910 1146 4955 statuat
1175 4899 1227 4952 in
1259 4899 1504 4952 oratione
1532 4898 1597 4951 de
1626 4906 1855 4949 Assum-

290 4996 476 5067 ptione
501 4994 564 5050 Β.
593 4994 794 5048 Mariae.
827 4992 1066 5046 Tametsi
1095 4988 1431 5061 probabilius
1455 4988 1543 5043 isti
1566 5003 1727 5056 quam
1759 4986 1853 5039 alii

289 5089 434 5157 apud
470 5085 689 5149 Bedam,
718 5084 1271 5154 quiAssumptionem
1303 5080 1544 5149 Deiparm
1568 5079 1631 5132 ad
1663 5095 1716 5132 ιχ
1748 5077 1855 5132 Ka-

290 5176 482 5231 lendas
518 5172 800 5237 Octobres,
821 5174 921 5227 hoc
940 5183 1022 5228 est
1044 5174 1107 5226 ad
1124 5172 1193 5225 24
1209 5172 1348 5225 diem
1380 5169 1737 5239 Septembris,
1772 5181 1856 5220 re-

292 5271 497 5329 ferunt,
556 5267 629 5319 ita
661 5274 721 5319 ut
752 5264 892 5318 inter
920 5272 1148 5317 mortem
1176 5265 1293 5331 ejus
1353 5261 1417 5315 l5
1454 5262 1699 5330 Augusti,
1732 5275 1854 5329 quas

291 5358 396 5411 fuit
422 5356 594 5425 prima
621 5356 953 5425 Assumptio,
1002 5368 1195 5423 nempe
1247 5352 1541 5407 secundum
1596 5353 1851 5415 animam,

292 5451 367 5503 int
393 5446 697 5501 'rcesserint
724 5446 1078 5515 quadraginta
1141 5445 1257 5499 dies
1290 5457 1461 5511 usque
1508 5443 1634 5497 dum
1670 5442 1853 5495 anima

290 5554 418 5595 cum
452 5552 678 5608 corpore
708 5553 898 5591 rursus
929 5534 1299 5607 conglutinata
1328 5537 1623 5590 resurrexit
1652 5535 1851 5588 cados-

290 5645 399 5699 que
442 5630 648 5699 petivit.
691 5626 890 5683 Veru-n
938 5630 1053 5684 lnec
1087 5629 1235 5682 omni
1271 5627 1732 5683 verisimilitudine
1763 5641 1851 5680 ca-

294 5728 441 5784 rent,
480 5728 535 5773 et
567 5721 927 5775 adversantur
966 5732 1071 5771 tam
1108 5720 1309 5773 Latium
1337 5736 1497 5788 quam
1531 5718 1729 5773 Graecae
1756 5716 1852 5769 Ee-

295 5812 503 5875 clesiae;
530 5821 782 5883 recteque
801 5824 946 5867 notat
972 5812 1233 5867 Baronius
1264 5814 1313 5867 in
1339 5812 1714 5882 .‘iartyrologio
1743 5811 1850 5864 Ro-

1957 4630 2071 4682 sitw
2103 4643 2246 4681 sonte
2275 4625 2516 4696 Deiparze
2540 4625 2767 4691 virginis
2793 4626 2845 4679 in
2873 4624 3071 4692 templo
3105 4624 3520 4693 Chalcnpratio-

1959 4733 2101 4773 rum.
2135 4716 2269 4772 Vide
2304 4717 2563 4771 ilenasutn
2595 4716 2743 4770 dicto
2766 4716 2852 4770 die
2891 4715 3119 4783 Augusti
3153 4725 3205 4768 et
3227 4714 3517 4781 Nicephor.

1958 4825 2069 4876 xtv,
2098 4809 2185 4864 49.
2226 4808 2329 4863 Sed
2366 4808 2432 4863 de
2471 4823 2578 4877 quo
2612 4808 2748 4861 festo
2776 4806 3154 4874 accipiendum
3183 4807 3323 4875 quod
3357 4806 3520 4861 Codi-

1958 4918 2061 4958 nus
2091 4900 2323 4957 scribit?
2357 4899 2583 4955 Videtur
2606 4900 2673 4954 de
2704 4898 2904 4967 priore,
2936 4898 3372 4969 quandoquidem
3433 4898 3523 4949 dc-

1955 4994 2263 5062 positianem
2294 4994 2598 5047 venerande
2632 4995 2779 5045 vestis
2807 4991 3084 5056 nominat;
3141 4998 3194 5043 et
3228 4990 3523 5057 imperator

1955 5083 2022 5139 ad
2059 5086 2384 5139 Blachernas
2411 5086 2513 5138 hoc
2545 5082 2683 5138 festo
2722 5084 2851 5145 ibat,
2895 5082 2982 5136 ubi
3012 5081 3160 5135 vestis
3192 5078 3282 5133 illa
3310 5078 3517 5147 reposi-

1955 5184 2032 5230 ta.
2063 5176 2320 5244 Curergo
2347 5173 2585 5229 Codinus
2617 5175 2669 5227 id
2727 5188 2834 5227 non
2898 5172 3169 5227 recensuit
3226 5187 3325 5225 suo
3378 5170 3518 5232 loco,

1958 5268 2062 5322 hoc
2096 5268 2252 5323 estin
2292 5264 2470 5321 Julio?
2499 5266 2733 5321 Causam
2763 5267 2903 5320 dicat
2936 5267 3027 5335 qui
3083 5273 3263 5317 notam
3322 5262 3515 5316 habet:

1956 5374 2057 5423 ego
2093 5360 2224 5413 mihi
2252 5360 2491 5428 ignotam
2534 5359 2724 5412 fateor.
2765 5358 2877 5411 Nisi
2940 5356 3080 5410 forte
3113 5354 3399 5425 legendum
3428 5354 3516 5405 hic

1955 5451 2051 5518 τῆς
2093 5450 2280 5517 τιμίας
2308 5450 2503 5520 ζώνης.
2559 5450 2662 5503 Sed
2697 5458 2823 5502 tunc
2869 5448 3051 5502 obstat
3086 5447 3347 5516 templum
3398 5445 3519 5497 Bla-

1954 5541 2260 5605 chernium,
2288 5542 2354 5595 ad
2386 5542 2527 5610 quod
2570 5542 2671 5595 hoc
2700 5541 2785 5595 die
2811 5542 3104 5608 imperator
3128 5554 3250 5591 cum
3282 5536 3395 5591 suis
3416 5550 3513 5603 pa-

1960 5633 2143 5686 latinis
2174 5632 2377 5685 itabat:
2400 5643 2454 5685 at
2482 5649 2612 5684 zona
2646 5631 2885 5700 Deiparse
2912 5626 3360 5683 asservabatnrin
3384 5634 3517 5679 tem~

1954 5722 2042 5786 plo
2074 5723 2127 5774 in
2166 5719 2555 5790 Chalropratiis
2606 5722 2840 5782 condito,
2882 5730 2937 5774 ut
2970 5729 3195 5774 testatur
3229 5715 3511 5769 ilenrum.

1955 5810 2156 5863 UBETS.
