4224 6450
243 431 351 492 389

1295 426 1677 488 GRETSERI
1729 425 1822 483 ΕΤ
1872 422 2104 480 GOARI
2157 421 2389 479 NOTAE.

3369 424 3473 485 390

313 544 370 593 ί).
404 541 493 593 85.
520 538 732 603 Junius,
763 539 851 593 hic
885 548 941 592 ut
978 538 1103 593 alibi
1136 555 1370 607 semper.
1401 542 1620 607 ἅρματι
1657 544 1807 606 putat
1838 541 1879 596 Α
1911 532 2111 601 primos
2179 534 2450 601 principes
2523 532 2865 588 Christianos
2943 534 2993 587 in
3064 535 3291 590 ecclesia
3362 554 3470 591 non

244 648 365 685 esse
417 648 624 693 currus,
664 647 785 685 cum
842 632 949 684 sint
1008 647 1156 682 arma
1205 647 1232 684 α
1291 629 1485 684 Latino
1534 629 1802 686 vocabulo

423 743 550 778 lDla.

423 743 433 775 l
537 764 550 778 .

244 726 555 871 nigritie
585 815 1119 885 γενέσθαι.,νὶιίθιυι·
1148 816 1453 871 addendum
1477 815 1575 869 δεῖ.
1600 814 1803 868 Gens.

834 932 1064 987 CAPUT
1108 932 1220 987 ΧΠ.

248 1026 646 1081 Observationes
684 1038 731 1079 et
761 1027 1136 1105 captantium
1166 1028 1312 1105 ius.
1358 1024 1445 1091 l7,
1475 1027 1537 1078 de
1590 1039 1809 1077 corona-

770 1099 901 1149 tione
936 1099 1294 1162 imperatoris.

319 1190 377 1243 Ρ.
405 1189 493 1242 86.
518 1188 681 1258 [Περὶ
715 1190 1124 1257 στεφηφορίας
1148 1188 1473 1250 βασιλέως.
1516 1188 1809 1255 Imperato-

255 1296 341 1336 res
397 1281 713 1341 renuntiati.
746 1282 839 1350 qui
882 1283 964 1335 vel
1010 1282 1355 1334 subditorum
1413 1280 1679 1333 electione
1726 1282 1809 1334 vel

252 1373 539 1431 sanguinis
576 1373 700 1439 jure
734 1372 816 1425 vel
858 1372 906 1424 vi
941 1371 1226 1440 tyrannide
1257 1383 1467 1441 arrepta
1515 1373 1583 1425 ad
1627 1387 1811 1441 regen-

251 1463 380 1515 dum
447 1462 738 1533 imperium
813 1464 1045 1531 promoti
1101 1479 1115 1516 :
1156 1465 1408 1517 coronati
1456 1464 1678 1526 deinde,
1718 1464 1809 1531 qui

254 1555 561 1623 insignibus
592 1554 828 1621 imperii.
852 1568 1079 1618 corona.
1098 1565 1346 1623 sceptro.
1376 1554 1685 1623 chlamyde.
1721 1571 1811 1609 or-

256 1649 364 1702 nati
396 1658 453 1702 et
505 1648 765 1704 unctione
793 1648 1047 1702 delibuti.
1078 1649 1156 1703 De
1197 1648 1478 1704 tradendis
1509 1648 1813 1716 insignibus

258 1739 428 1801 hisce.
462 1740 629 1795 tacita
680 1739 922 1804 qualibet
972 1739 1077 1792 alia
1131 1739 1504 1807 promotione,
1538 1748 1684 1795 totus
1734 1751 1819 1794 est

254 1842 493 1893 presens
524 1838 701 1896 typus.

1909 626 2215 695 suscepisse
2262 627 2400 693 apud
2442 641 2525 679 tne
2555 634 2636 679 est
2664 627 2972 681 indubinm.
3010 630 3074 683 At
3126 632 3374 698 quamvis
3403 633 3470 684 de

1910 718 2203 778 Marciano.
2236 717 2326 786 qui
2360 718 2594 771 Anatolii
2651 718 2973 785 patriarcha:
3028 735 3129 789 ope
3164 721 3472 775 declaratus

1908 817 1990 861 est
2023 806 2317 875 imperator
2369 820 2399 859 a
2445 805 2755 865 Pulcheria,
2790 809 3045 862 nonnulla
3089 810 3160 864 sit
3207 810 3472 878 suspicio,

1909 916 2067 971 quem
2116 900 2477 967 Theophanes
2532 900 2653 970 θείᾳ
2707 899 2872 969 ψήφῳ
2919 904 3296 972 αὐτοκράτορα
3344 905 3476 956 ἁνα-

1910 993 2185 1063 δειχθέντα
2219 994 2430 1054 scribit,
2468 1007 2533 1046 en
2588 1002 2765 1045 tamen
2806 1002 2861 1045 ut
2901 992 3213 1061 Leojuuinr
3238 996 3475 1051 senioris

1912 1102 2077 1155 nepos
2125 1096 2329 1155 patrem
2374 1087 2649 1139 Zenonem
2708 1088 2926 1155 prapria
2978 1103 3141 1141 manu
3169 1089 3476 1144 diademate

1912 1166 2089 1245 ornat;
2127 1181 2182 1230 ὲν
2213 1178 2289 1245 τῷ
2326 1177 2627 1246 καθίσματι
2657 1179 2752 1231 τοῦ
2790 1179 3196 1249 Ἱπποδρομίου,
3226 1184 3299 1235 ait
3332 1182 3473 1235 idem

1913 1268 2299 1336 TheOphanes.
2342 1269 2665 1324 Anastasius
2715 1270 2912 1324 ibidem
2956 1281 3272 1326 coronatus.
3309 1260 3477 1326 Justi-

1914 1375 2020 1414 nus
2077 1360 2129 1412 in
2199 1358 2431 1425 palatio,
2484 1358 2833 1412 Justinianus
2903 1360 3126 1415 ibidem.
3185 1359 3479 1414 Mauricius

1915 1465 2135 1519 quoque
2164 1460 2424 1519 praesente
2441 1451 2658 1517 quidem
2692 1453 3000 1519 patriarcha
3043 1462 3343 1522 senatuque
3376 1453 3480 1506 im-

1923 1548 2141 1607 perator
2171 1540 2437 1594 salutatus
2463 1548 2565 1603 est,
2593 1555 2781 1594 verum
2820 1543 2869 1594 in
2899 1541 3085 1611 palatii
3112 1543 3392 1607 tribunali,
3411 1544 3480 1595 ad

1920 1630 2121 1685 Tiberii
2171 1631 2393 1701 jamjam
2436 1632 2679 1685 morituri
2728 1632 2953 1697 lectum,
2987 1634 3038 1686 in
3090 1649 3250 1702 quem
3299 1634 3478 1689 locum

1924 1724 2039 1792 ipse
2090 1723 2329 1793 φοράδην
2388 1722 2716 1793 ἑξεκομίσθη
2748 1724 2943 1777 scribit
2987 1724 3311 1786 Simocatta.
3342 1742 3382 1789 ι,
3424 1728 3476 1781 1.

1923 1812 2303 1884 Copronymns
2335 1808 2569 1882 denique
2592 1813 2646 1867 in
2689 1816 3064 1870 novemdecim
3100 1818 3477 1874 accubitorum

327 1916 467 1970 Ibid.
506 1892 690 1989 is...
758 1919 877 1985 τὴν
943 1918 1056 1985 πρὸ
1111 1919 1223 1986 τῆς
1287 1920 1511 1989 ἡμέρας
1576 1892 1995 1984 ἐκείνηςΒιπίς

1810 1939 1816 1952 .
1848 1892 1889 1948 Β
1920 1905 2177 1958 tribunali
2206 1905 2353 1973 regia
2389 1918 2590 1958 corona
2633 1904 2732 1958 fuit
2783 1906 3088 1973 redinitus,
3113 1916 3171 1963 ut
3203 1924 3267 1962 ex
3299 1910 3478 1964 Theo-

251 2005 537 2072 ἑσπέραν.
578 2006 788 2074 Imperii
826 2018 1194 2069 successores,
1228 2007 1313 2062 vel
1346 2008 1411 2060 ad
1446 2007 1574 2061 illud
1625 2008 1809 2074 populi

252 2099 555 2151 militumve
582 2098 850 2152 electione
872 2099 1232 2153 obtinendum
1267 2111 1519 2164 vocatos,
1551 2102 1810 2171 palatium

253 2201 350 2240 ceu
378 2188 648 2255 propriam
676 2188 859 2242 sedem
894 2189 1177 2257 possidere
1214 2200 1420 2244 certum
1459 2209 1474 2245 :
1507 2192 1710 2248 ascitos
1747 2193 1809 2244 ad

254 2281 544 2349 imperium
572 2294 600 2331 a
624 2278 875 2349 principe
904 2280 1120 2338 seniore
1180 2281 1311 2339 illud
1356 2285 1544 2343 statim
1572 2285 1814 2340 incolere

253 2373 463 2425 datum.
505 2369 742 2439 Vespere
775 2370 941 2440 igitur
964 2375 1309 2427 coronationi
1343 2376 1547 2443 praevio
1583 2378 1646 2428 ad
1680 2378 1812 2430 illud

253 2476 309 2515 se
340 2459 652 2520 conferunt,
688 2468 743 2512 ut
792 2460 1010 2523 comite,
1054 2461 1164 2514 imo
1202 2464 1341 2517 duce
1382 2466 1595 2518 seniore
1623 2466 1687 2519 ad
1720 2482 1815 2519 ec-

252 2551 474 2604 clesiam
531 2560 745 2619 postera
820 2550 942 2605 luce
996 2564 1243 2622 pergant.
1302 2553 1435 2607 Vide
1496 2554 1813 2611 Michahelem

253 2639 540 2709 Theophili
568 2639 630 2694 F.
654 2640 795 2708 apud
825 2639 1057 2695 Leonem
1087 2640 1513 2699 Grammaticum
1536 2646 1812 2715 quidpiam

254 2732 567 2799 hujusmodi
596 2734 706 2800 iam
736 2747 837 2785 suo
867 2742 1109 2802 tempore
1134 2736 1517 2792 observantem
1553 2756 1567 2791 :
1604 2738 1734 2806 Ὀψὲ
1757 2739 1813 2792 δὲ

256 2822 537 2874 Σαὸὅάτου
584 2824 683 2890 τῆς
745 2826 1130 2895 Πεντηκοστῆς
1202 2830 1439 2898 ἐμήνυσε
1490 2832 1683 2902 Φωτίῳ
1738 2833 1815 2902 τῷ

254 2918 569 2986 πατριάρίῃ
626 2918 653 2967 ὁ
712 2916 965 2983 βασιλεὺς
1017 2919 1106 2971 διὰ
1168 2922 1479 2974 Ῥανδακίου
1535 2926 1815 2994 πρωτοὸε-

252 3006 498 3075 στιαρίου
548 3006 647 3074 τὴν
687 3009 1053 3077 ἀναγόρευσιν
1109 3010 1209 3078 τῆς
1262 3011 1543 3080 βασιλείας
1588 3016 1809 3085 ποιῆσαι

253 3093 561 3148 Βασιλείου.
595 3097 704 3146 Καὶ
729 3099 791 3165 τῇ
827 3099 1089 3166 ἐπαύριον
1120 3100 1342 3168 ἐξῆλθον
1383 3102 1478 3155 δύο
1511 3104 1712 3158 σελλία.
1750 3108 1811 3158 Οί

251 3186 307 3236 δὲ
342 3186 460 3237 λαοὶ
494 3187 876 3257 ἐταράχθησαν
928 3191 1040 3250 πῶ;
1085 3192 1201 3252 ἑνὸς
1240 3191 1507 3258 βασιλέως
1543 3194 1693 3256 ὄντος
1722 3196 1813 3248 δύο

258 3279 439 3329 σελλία
470 3278 712 3345 ἐξῆλθον.
743 3279 980 3335 Observa
1018 3299 1207 3338 rursus
1243 3283 1311 3337 ab
1364 3285 1734 3341 adulatoribus
1761 3297 1816 3341 et

258 3369 633 3437 perduellibus
665 3381 977 3438 promotum
1012 3374 1076 3425 ad
1111 3373 1411 3428 invadenda
1457 3388 1669 3445 sceptra
1703 3381 1815 3444 pri-

257 3475 405 3512 mum
439 3462 597 3525 hujus
639 3461 875 3515 nominis
906 3462 1275 3518 Andronicum
1303 3466 1499 3534 primo
1525 3467 1613 3535 pie
1661 3478 1814 3533 pote-

254 3554 415 3603 statis
449 3551 757 3621 insignibus
792 3554 1149 3608 tumultuario
1167 3557 1399 3624 arreptis
1427 3557 1636 3621 ornari,
1661 3559 1738 3627 Τῇ
1772 3560 1817 3611 δ’

256 3642 520 3709 ὑστεραίᾳ.
549 3643 641 3694 ἐπὶ
677 3642 775 3709 τῆς
817 3644 1058 3712 μεγάλης
1091 3644 1442 3715 Ἐκκλησίας,
1475 3662 1538 3702 ac
1562 3649 1816 3712 inferius,

255 3732 334 3785 Τὰ
366 3733 489 3801 ιερὰ
517 3735 814 3799 ὲσαφίκετο
854 3735 1103 3805 μέλαθρα
1137 3738 1600 3807 στεφθησόμενος,
1629 3755 1692 3793 ac
1724 3756 1819 3807 po-

256 3834 465 3877 stremo
495 3825 559 3877 ad
588 3825 759 3893 ipsam
794 3827 1039 3896 Magnam
1082 3827 1376 3884 Ecclesiam
1411 3834 1524 3886 sive
1560 3834 1624 3886 ad
1662 3848 1817 3888 sacra

260 3916 557 3982 penetralia
588 3919 963 3973 coronandum
1015 3924 1255 3986 tendere,
1295 3925 1456 3979 ritum
1506 3925 1616 3993 jam
1669 3940 1817 3980 rece-

260 4016 410 4071 ptum
448 4007 518 4058 ita
551 4007 818 4062 referente
845 4009 1033 4064 Niceta
1077 4013 1126 4064 in
1162 4013 1350 4067 Alexio
1391 4013 1453 4068 ll.

330 4096 470 4149 Ibid.
511 4097 1040 4167 [Συναθροίζονται.
1103 4102 1217 4157 Non
1270 4105 1541 4161 curiosius
1586 4108 1822 4161 circum-

259 4189 571 4253 spicientlm,
625 4193 755 4257 quin
814 4193 993 4261 potius
1043 4196 1414 4252 coronationis
1462 4199 1822 4266 approbanda:

262 4278 368 4330 ﬁne
396 4294 461 4331 ex
505 4280 719 4333 cunctis
760 4284 1047 4336 ordinibus
1105 4285 1357 4353 praecipui
1412 4288 1576 4341 simul
1624 4303 1822 4342 conve-

258 4370 439 4422 niunt.
472 4370 724 4425 Tiberius
774 4376 916 4441 apud
976 4376 1327 4430 Simocattam
1378 4378 1693 4433 Mauricium
1726 4380 1822 4434 de-

259 4459 607 4514 nuntiatur-us
667 4463 1050 4529 imperatorem
1109 4484 1121 4517 :
1183 4467 1286 4518 Τὸν
1338 4468 1437 4536 τῆς
1497 4468 1822 4542 ίεραρχικῆς

1921 1996 2097 2063 phane
2128 1993 2355 2048 inferius
2391 1994 2710 2050 referemus.
2752 1996 2962 2052 Phocas
2990 2000 3235 2053 omnium
3270 2002 3479 2069 primus

1921 2086 2307 2155 περιϐάλλεται
2363 2086 2456 2139 τὸν
2517 2086 2788 2155 βασίλειον
2839 2090 3103 2156 στέφανον
3155 2092 3213 2143 ἐν
3258 2092 3334 2161 τῷ
3374 2092 3482 2161 νεῲ

1920 2179 2015 2231 τοῦ
2048 2180 2328 2249 προφήτου
2360 2181 2458 2232 καὶ
2492 2178 2804 2234 Βαπτιστοῦ
2847 2182 3116 2245 Ἰωάννου,
3148 2199 3260 2252 quo
3295 2183 3477 2241 forsan

1922 2271 2261 2339 tyrannidem
2307 2269 2507 2338 pietate
2535 2270 2808 2324 coloraret
2837 2280 2889 2325 et
2920 2270 3042 2326 loco
3070 2286 3229 2329 sacro
3254 2273 3478 2328 sacrm--

1921 2364 2066 2429 gium
2103 2369 2323 2429 tegeret.
2354 2361 2641 2416 Heraclius
2668 2362 2863 2421 deinde
2887 2365 2946 2417 tv
2975 2363 3052 2434 τῷ
3082 2364 3356 2435 εὐκτηρίῳ
3383 2367 3478 2418 soi

1921 2457 2079 2523 ἁγίου
2104 2456 2376 2522 Στεφάνου
2412 2458 2468 2508 ἐν
2500 2456 2579 2526 τῷ
2612 2455 2859 2510 παλατίω
2888 2457 3219 2527 ἑστίφθη,ἰιι
3248 2458 3477 2513 ecclesia

1922 2550 2137 2615 reliqui.
2179 2547 2394 2619 Goan.]'

1991 2639 2135 2693 Ibid.
2184 2639 2311 2693 Nota
2348 2637 2746 2707 professionem
2802 2639 2950 2702 ﬁdei,
2990 2648 3045 2692 et
3078 2640 3477 2709 jttramentum,

1919 2746 2031 2801 quo
2063 2747 2119 2785 se
2146 2730 2421 2797 obligahat
2456 2740 2562 2783 tam
2599 2729 2894 2797 imperator
2912 2746 3085 2799 .quam
3127 2729 3343 2786 futurus
3376 2732 3479 2785 im-

1920 2832 2165 2891 perator.
2186 2822 2386 2877 (ἴητε.

1990 2913 2126 2967 Ibid.
2157 2912 2526 2984 [Fidei,quam
2560 2921 2745 2967 mente
2773 2921 2997 2972 teneret.
3021 2912 3298 2981 publicum
3329 2915 3482 2967 testi-

1920 3009 2164 3060 monium
2229 3005 2281 3057 in
2315 3004 2569 3058 Ecclesia
2602 3013 2874 3057 conventu
2911 3005 3120 3072 primus
3141 3003 3280 3058 inter
3310 3004 3483 3073 impe-

1920 3106 2130 3150 ratores
2193 3096 2340 3148 dedit
2412 3095 2758 3149 Anastasius.
2814 3093 3110 3149 Historiam
3164 3094 3333 3149 refert
3380 3095 3482 3149 hoc

1920 3199 2076 3258 pacto
2117 3188 2477 3253 Theophanes
2508 3204 2523 3240 :
2553 3187 2887 3250 Βασιλεύσας
2938 3191 2966 3241 δ
3001 3188 3349 3252 Ἀναστάσιος
3397 3190 3483 3257 ἑγ-

1921 3296 2127 3348 γραφον
2175 3278 2429 3348 ἁπῃτήθη
2484 3278 2779 3347 ὁμολογίαν
2841 3280 2977 3348 πρὸς
3033 3279 3316 3348 Εὐφημίου
3375 3297 3483 3335 πα.

1915 3372 2200 3441 τριάρχου,
2229 3372 2365 3439 πρὸς
2401 3372 2459 3423 τὸ
2501 3372 2575 3439 μὴ
2610 3371 2871 3423 σαλεῦσαί
2930 3389 2981 3425 τι
3015 3373 3115 3441 τῆς
3157 3373 3485 3443 Ἐκκλησίας

1918 3466 2010 3516 καὶ
2058 3464 2316 3524 πίστεως.
2368 3463 2708 3533 Βιαζομένης
2756 3464 2813 3517 δὲ
2857 3464 3019 3518 αὐτὸν
3070 3464 3171 3534 τῆς
3214 3466 3485 3536 βασιλίδος

1927 3557 2211 3624 Ἀριάδνης
2242 3558 2337 3608 καὶ
2360 3556 2457 3623 τῆς
2488 3557 2816 3625 συγκλήτου,
2844 3556 3036 3609 ἐλαϐεν
3061 3558 3228 3613 αὐτοῦ
3258 3561 3321 3613 τὸ
3356 3562 3483 3615 ιδιό·

1919 3666 2121 3717 γειρον,
2152 3649 2226 3709 ὡς
2258 3649 2579 3717 ἀποδέχεται
2606 3649 2684 3709 είς
2719 3649 2845 3718 ὅρον
2875 3634 3113 3713 πίστεως
3139 3652 3208 3705 τὰ
3237 3650 3481 3721 δόγματα

1918 3742 2019 3809 τῆς
2051 3744 2105 3793 ἑν
2146 3741 2448 3810 Χαλκηδόνι
2478 3740 2718 3793 συνόδου.
2752 3741 2858 3794 Καὶ
2907 3739 3051 3793 οὕτω
3092 3743 3345 3810 mhi;
3388 3744 3483 3796 ὑπ’

1920 3832 2084 3887 αὖτοῦ
2134 3833 2185 3883 ’Δ
2199 3832 2415 3901 ριάδνην
2444 3832 2633 3898 ἄγεται
2669 3835 2747 3891 τίς
2782 3833 2979 3902 γάμον.
3014 3832 3285 3903 Scriptum
3318 3850 3485 3904 spon-

1922 3925 2128 3977 sionem
2162 3924 2305 3976 illam
2344 3939 2506 3990 penes
2537 3939 2595 3977 se
2625 3925 2969 3977 custodiebat
2996 3925 3307 3992 patriarcha
3336 3944 3359 3979 ς
3392 3927 3483 3996 Τῷ

1920 4017 2029 4082 γὰρ
2062 4015 2302 4084 δευτέρῳ
2348 4014 2460 4066 ἔτει
2505 4015 2695 4077 αὑτοῦ,
2725 4016 2800 4069 ait
2836 4015 3134 4083 Cedrenus,
3174 4019 3315 4086 μετὰ
3357 4018 3484 4087 βίας

1920 4106 2019 4174 τὴν
2069 4104 2359 4173 ὁμολογίαν
2391 4104 2556 4157 αὐτοῦ
2588 4108 2738 4175 παρὰ
2771 4105 3048 4175 Εὐθυμίου
3073 4106 3253 4161 ιλαϐι.
3288 4106 3480 4163 Parem

1923 4198 2047 4251 fidei
2071 4197 2460 4265 professionem
2483 4197 2670 4252 emisit
2696 4195 3127 4263 Phocas,eodem
3148 4196 3484 4268 Theophane

1923 4298 2058 4343 teste
2109 4305 2123 4341 :
2174 4288 2400 4340 Πάντων
2435 4289 2493 4338 ὲν
2546 4286 2625 4355 τῷ
2668 4286 2911 4357 Ἑϐδόμῳ
2955 4288 3101 4357 tloco
3141 4288 3225 4343 ΟΡ
3275 4299 3480 4359 septem

1924 4381 2193 4450 lapidibus
2224 4379 2443 4447 dissito)
2468 4378 2819 4446 ἀφικομένων
2851 4377 3130 4446 Κυριακὺς
3156 4381 3183 4431 ό
3214 4382 3485 4449 πατριάρι

1923 4490 2024 4541 xu;
2076 4472 2322 4542 ἀπῄτησε
2373 4471 2466 4522 τὸν
2531 4471 2800 4539 τύραννον
2850 4469 3144 4537 ὁμολογίαν
3198 4471 3328 4539 περὶ
3380 4473 3483 4535 τῆς

258 4550 585 4614 προεστῶτα
633 4552 904 4620 καθέδρας
954 4556 1442 4625 συγκαλεσάμινος,
1478 4560 1571 4611 τόν
1613 4577 1672 4612 τε
1712 4559 1823 4612 τῶν
1854 4567 1898 4622 Β
1926 4562 2207 4633 ὀρθοδόξου
2241 4564 2474 4623 πίστεως
2523 4562 2621 4613 καὶ
2654 4560 2747 4612 τοῦ
2794 4560 3073 4629 ἀτάραχον
3122 4561 3354 4627 φυλάξαι
3384 4565 3483 4630 τὴν

260 4640 427 4706 ἱερῶν
476 4641 805 4709 ἀξιωμάτων
850 4646 1347 4715 συναθροισάμενος
1380 4650 1660 4717 σύλλογον,
1694 4651 1821 4714 τούς

258 4751 316 4784 τε
354 4734 688 4803 δορυφόρους
724 4736 818 4788 καὶ
848 4737 1093 4803 φύλακας
1125 4741 1218 4791 καὶ
1250 4741 1457 4802 πάντας
1481 4742 1606 4805 τοὺς
1636 4744 1692 4803 ἐς
1723 4744 1821 4812 βα-

260 4824 455 4885 σιλέως
508 4825 672 4893 τιμὴν
730 4830 1216 4894 συντεταγμένους,
1254 4832 1340 4883 ναὶ
1392 4830 1498 4900 μὴν
1548 4834 1643 4885 καὶ
1694 4834 1821 4894 τοὺς

260 4916 699 4981 ὲπισημοτέρους
729 4916 822 4967 τοῦ
857 4915 1053 4987 δήμου.
1090 4916 1329 4974 Joannes
1372 4923 1532 4974 etiam
1584 4922 1820 4975 nominis

256 5005 425 5057 istius
454 5006 725 5059 secundus
756 5009 895 5075 apud
913 5006 1165 5062 ‘Nicetam
1209 5009 1562 5079 ἐκκλησιάζει
1598 5013 1659 5064 τὸ
1690 5031 1821 5081 συγ-

263 5094 421 5159 γενὲς
456 5095 549 5146 καὶ
594 5098 772 5162 φίλιον
819 5100 910 5149 καὶ
936 5099 1134 5150 ὁπόσον
1169 5100 1225 5150 ἓν
1269 5101 1567 5171 ὑπεροχαῖς
1611 5122 1670 5155 τε
1727 5108 1821 5158 καὶ

259 5185 573 5254 ἀξιώμασιν
598 5184 687 5257 ἦν,
724 5199 782 5241 ut
802 5188 923 5242 'ﬁlio
952 5190 1182 5244 Hanueli
1212 5202 1338 5245 natu
1369 5196 1585 5258 minori,
1621 5199 1819 5265 rejecto

260 5282 466 5348 priore.
498 5285 799 5337 moriturus
836 5286 1122 5350 imperium
1154 5286 1445 5355 relinquat.
1478 5286 1677 5359 Genu]

338 5373 476 5427 Ibid.
517 5375 832 5441 Ἀξιώματα
861 5378 1002 5444 ἔχειν
1034 5378 1116 5431 vel
1156 5380 1212 5429 ἐν
1250 5377 1520 5448 ἀξιώματι
1555 5376 1694 5433 εἶναι
1737 5384 1816 5435 vel

259 5478 386 5516 csse
426 5464 799 5529 ἀξιωματικόν
831 5466 962 5520 solis
992 5469 1229 5523 desueta
1259 5468 1457 5522 Caesari
1490 5479 1541 5522 et
1572 5473 1816 5525 sebasw-

259 5554 459 5605 Cratori
494 5557 764 5621 competit.

328 5641 486 5709 351
534 5643 672 5694 Ibid.
712 5645 782 5695 Τὸ
831 5647 1099 5712 φοσσάτον
1145 5663 1255 5702 non
1320 5665 1416 5717 pro
1466 5654 1678 5714 castris,
1723 5655 1812 5707 scd

256 5747 358 5801 pro
389 5734 519 5800 ipsis
550 5736 798 5788 militibus
833 5741 1116 5805 accipitur.
1152 5742 1356 5795 Gners.

335 5822 473 5880 Ibid.
518 5824 642 5897 [Εἰς
673 5828 783 5894 τὴν·
811 5832 986 5896 ἁγίαν
1017 5836 1259 5900 Σοφίαν.
1293 5835 1505 5903 Imperii
1553 5852 1809 5891 coronam

1934 4652 2286 4721 Ἐκκλησίαν.
2319 4651 2562 4704 Tertium
2617 4649 2929 4704 exhibuisse
2960 4648 3194 4703 Leonem
3237 4649 3481 4705 lsaurum

1924 4745 2133 4813 reperio
2163 4743 2304 4811 apud
2337 4741 2656 4809 scriptorem
2696 4735 3155 4793 eumdem.Aéwv
3186 4738 3279 4793 οὖν
3302 4742 3483 4807 eicit).-

1923 4834 2012 4886 θεν
2044 4837 2121 4896 εις
2152 4836 2213 4886 τὸ
2265 4832 2547 4893 παλάτιον,
2583 4830 2680 4884 καὶ
2711 4829 3043 4899 παραλαῆὼν
3089 4829 3292 4893 πάντα,
3326 4833 3483 4900 mgf}-

1923 4942 2018 4983 ea:
2071 4926 2414 4993 προέλευσιν,
2475 4923 2724 4992 εἰσῆλθεν
2780 4923 2837 4974 ὲν
2894 4925 2958 4992 τῇ
3024 4922 3321 4993 ἐκκλησίᾳ,
3388 4926 3481 4977 καὶ

1920 5017 2157 5067 ἀνελθὼν
2208 5018 2288 5076 είς
2335 5016 2422 5068 τὸν
2481 5015 2710 5083 ἄμϐωνα
2757 5012 2993 5081 ίστὲφθη
3025 5011 3128 5064 ὑπὸ
3160 5012 3480 5084 Νικηφόρον

1921 5110 2013 5160 τοῦ
2044 5109 2340 5178 τηνικαῦτα
2375 5108 2709 5175 πατριάρχου
2743 5106 2919 5170 ὄντος,
2947 5106 3217 5174 πρότερον
3248 5108 3481 5176 ποιήσας

1922 5202 2208 5271 ἰδιόχειρον
2266 5201 2402 5267 μετὰ
2444 5200 2552 5250 τῶν
2588 5201 2685 5250 σὺν
2718 5196 2866 5264 αὐτῷ
2909 5196 3181 5264 μηδέποτε
3215 5198 3357 5250 κατὰ
3383 5199 3481 5265 τῆς

1930 5292 2258 5364 Ἐκκλησίας
2295 5290 2608 5361 γενέσθαιῆ
2662 5289 2920 5341 σαλεῦσαί
2951 5308 3001 5341 τι
3028 5288 3139 5344 ,τῶν
3185 5288 3366 5351 καλῶς
3401 5292 3481 5351 εἰς

1918 5384 2087 5452 αὐτὴν
2134 5382 2460 5450 ὁρισθέντων
2513 5382 2620 5435 ὑπὸ
2662 5380 2773 5433 τῶν
2805 5380 2977 5447 ἁγίων
3012 5379 3274 5445 Ηατέρων
3315 5379 3480 5449 ἱερῶν

1916 5476 2222 5544 δογμάτων.
2259 5474 2372 5528 Hac
2402 5490 2460 5528 se
2494 5473 2724 5536 cautela,
2768 5474 2894 5529 dato
2938 5485 3129 5536 nempe
3166 5469 3478 5537 iuramento

1920 5572 2152 5637 fideique
2204 5568 2552 5629 testimonio,
2602 5567 2862 5618 adversus
2911 5564 3265 5629 imperatores
3325 5563 3475 5630 prmi

1917 5676 2113 5714 sensus
2178 5659 2490 5728 suspicione
2566 5666 2782 5710 notatos
2853 5654 3168 5708 munierunt
3224 5653 3478 5720 primitus

1919 5750 2257 5815 patriarchae,
2298 5749 2439 5801 unde
2466 5748 2664 5802 sensim
2708 5747 2934 5799 invaluit
2964 5760 3080 5797 mos
3107 5752 3163 5795 ut
3185 5743 3474 5798 orthodoxi

1919 5856 2134 5907 quoque
2173 5841 2327 5892 fidetn
2378 5854 2500 5905 erga
2541 5838 2704 5890 Deum
2754 5846 2805 5889 et
2841 5836 2893 5888 in
2945 5834 3201 5903 populum
3241 5834 3477 5887 clem-cn-
