4224 6450
247 374 353 442 393

1372 370 1751 433 GRETSERI
1782 368 1875 432 ET
1917 366 2153 431 GOARI
2191 366 2427 428 NOTAE.

3384 352 3490 417 394

246 487 455 557 jusvis,
489 500 627 542 crux
664 486 876 556 appicta
909 486 1012 539 fuit
1045 482 1309 538 iudicium
1366 492 1421 537 et
1451 483 1816 539 conﬁrmatio.
1843 484 1895 544 Α
1925 481 2011 534 hic
2066 482 2227 534 etiam
2297 479 2524 532 verbum
2602 477 2922 547 προτάσσων
2991 473 3128 526 male
3192 469 3491 525 redditum.

249 580 361 637 Lee
391 580 799 637 Grammaticus
829 579 882 632 in
913 576 1176 631 Ilichaele
1207 575 1491 646 Theophili
1534 574 1574 630 F
1610 593 1622 629 :
1658 575 1816 630 Γενο-

247 673 422 743 μένης
469 672 526 726 δὲ
590 672 692 740 τῆς
752 669 1128 741 προελεύσεως
1180 669 1259 731 είς
1298 668 1367 721 τὰ
1411 668 1817 739 χαλκοπράτεια

241 765 339 818 τοῦ
396 763 825 833 εὐαγγελισμοῦ,
858 764 953 816 καὶ
992 763 1090 831 τῆς
1136 761 1340 815 εἰσόδου
1378 762 1697 831 γινομένης,
1725 760 1817 814 καὶ

245 858 345 914 τοῦ
379 857 718 926 Εὑαγγελίου
742 855 1111 921 τελεσθέντος,
1142 855 1372 925 ἀνῆλθεν
1393 856 1421 908 ὃ
1449 871 1510 908 τε
1542 854 1816 925 πατριάρο

244 963 350 1015 χης
396 947 601 1009 Οὼτιος
649 946 741 1000 καὶ
774 946 803 998 6
849 944 1106 1016 βασιλεὺς
1151 945 1250 998 σὺν
1300 944 1399 1014 τῷ·
1434 943 1677 1015 Καίσαρι
1722 943 1818 998 καὶ

244 1040 518 1108 Βασιλείῳ
568 1036 1051 1107 παρακοιμωμένῳ
1111 1037 1170 1090 ἐν
1218 1039 1332 1107 τοῖς
1382 1038 1817 1107 κατηχουμένοις

242 1130 571 1200 (porticibus
600 1130 1030 1198 circumquaque
1056 1129 1111 1182 in
1142 1128 1430 1184 ecclesiam
1464 1137 1820 1198 prospectan—

244 1218 446 1291 tibus),
469 1220 568 1274 τοῦ
606 1221 943 1291 πατριάρχου
973 1222 1066 1273 ἐπὶ
1092 1223 1283 1291 χεῖρας
1309 1220 1521 1290 ἔχοντος
1550 1220 1610 1273 τὸ
1634 1221 1819 1289 τίμιον

246 1314 409 1384 σῶμα
443 1314 535 1366 καὶ
562 1310 705 1382 αἷμα
733 1312 830 1367 τοῦ
863 1312 1069 1383 Κυρίου
1112 1312 1271 1383 ἡμῶν
1313 1312 1491 1380 Ἰησοῦ
1541 1310 1781 1378 Χριστοῦ
1802 1329 1816 1343 ο

245 1406 343 1457 καὶ
372 1403 645 1474 βάψαντες
694 1405 724 1458 ὃ
776 1421 837 1457 τε
885 1403 1144 1473 βασιλεὺς
1188 1402 1284 1457 καὶ
1312 1406 1340 1458 ό
1370 1404 1652 1467 Βασίλειος
1694 1406 1820 1465 τοὺς

242 1495 463 1563 τιμίους
492 1494 817 1565 ὑπέγραψαν
850 1496 1142 1566 σταυροὺς,
1173 1496 1321 1566 ὅρκῳ
1354 1495 1697 1566 βεϐαιοῦντες
1727 1495 1820 1547 τὸν

244 1586 505 1657 Καίσαρα
558 1588 774 1655 ἀφόϐως
832 1587 1171 1652 συνεξελθεῐν
1227 1586 1345 1657 μετ’
1397 1588 1582 1641 αὐτῶν
1634 1589 1693 1640 ὲν
1744 1585 1821 1657 τῷ

242 1675 485 1746 ταξιδίῳ.
512 1676 618 1743 Qui
640 1678 1017 1748 juramentum
1046 1694 1213 1735 cruce
1248 1678 1525 1734 ﬁrmatum
1559 1678 1817 1744 violabat,

246 1776 385 1822 tetra
432 1765 809 1839 σταυροπάτορ
858 1771 1182 1826 inurebatur
1230 1780 1381 1835 nota,
1453 1772 1519 1826 de
1566 1786 1670 1841 qua
1720 1787 1821 1828 nos

244 1858 497 1928 quadam
532 1862 584 1915 in
616 1860 945 1917 Cedreuum.
975 1860 1035 1916 In
1070 1862 1476 1932 παυροπάτας,
1500 1862 1816 1931 bujusmodi

245 1951 516 2008 [ederunt
546 1953 797 2009 videlicet
821 1963 879 2009 et
907 1954 1271 2024 iurisiurandi
1302 1954 1622 2024 interposita
1655 1966 1819 2011 cruce

246 2043 563 2107 violatores,
597 2045 841 2100 divinum
888 2045 1107 2100 Numen
1133 2053 1535 2117 provocaturos
1576 2062 1634 2103 se
1664 2058 1820 2117 puta-

248 2137 380 2192 bant
409 2137 665 2209 injuriam
694 2140 864 2209 passi,
898 2154 1025 2195 eum
1051 2139 1254 2194 tabulis
1299 2154 1464 2195 cruce
1500 2140 1729 2195 firmatis
1760 2157 1822 2197 ac

248 2228 467 2281 irritam
494 2243 681 2296 pacem
714 2228 1183 2298 promittentibus,
1208 2228 1278 2283 de
1319 2236 1484 2284 conto
1512 2230 1820 2299 suspensis,

247 2320 306 2375 in
340 2320 663 2392 [mdifragos
707 2322 874 2378 ducto
902 2323 1143 2389 exercitu
1174 2322 1565 2391 procedebant.
1608 2322 1825 2377 Andro-

250 2412 413 2466 nicus
455 2413 663 2481 junior,
709 2414 978 2483 scriptore
1022 2412 1406 2470 Cantacuzeno
1456 2430 1513 2479 ιι,
1566 2414 1620 2479 5,
1652 2415 1821 2471 hocce

250 2503 525 2558 factuan
554 2503 763 2572 perlido
790 2504 1084 2559 Ηίθεοι-ιω]
1114 2506 1347 2575 principi
1383 2505 1624 2562 minatur
1649 2525 1662 2562 :
1690 2506 1821 2560 Ἐὰν

249 2595 309 2648 δὲ
342 2595 419 2666 μὴ
449 2596 685 2667 ἀποδιδῷ
712 2597 775 2650 τὸ
805 2598 1072 2667 πόλισμα,
1108 2598 1199 2651 τὸν
1242 2598 1493 2669 σταυρὸν,
1528 2599 1588 2651 ὃν
1620 2601 1824 2669 πρότε-

252 2705 349 2756 ρον
379 2688 639 2756 πέπομφε
670 2688 810 2757 πρὸς
835 2689 1025 2753 αὐτὸν,
1059 2690 1154 2741 ἐπὶ
1190 2688 1289 2756 τῆς
1322 2689 1564 2757 σημαίας
1599 2690 1824 2754 ἀναθεὶς

248 2779 534 2834 ἐλεύσεται
560 2780 647 2833 ἐπ’
673 2780 858 2835 αὐτόν.
882 2778 951 2834 Et
976 2780 1156 2835 infra:
1182 2780 1283 2833 Σοῦ
1310 2780 1367 2835 δὲ
1398 2781 1551 2834 οὐδὲν
1581 2784 1819 2848 ἐπιεικὲς

248 2871 707 2940 ἀποκρινομένου,
743 2873 810 2940 τῇ
840 2871 933 2924 τοῦ
968 2870 1207 2941 σταυροῦ
1237 2872 1466 2941 δυνάμει
1496 2874 1740 2942 eapse»,
1760 2874 1823 2928 δν

248 2963 416 3027 αὐτὸς
448 2963 725 3034 ἐγγυητὴν
774 2965 916 3033 ἐμοὶμ
948 2965 1227 3034 παρέσχου
1278 2964 1371 3017 τοῦ
1403 2965 1677 3036 μηδέποτε
1713 2984 1823 3020 πα·

248 3054 647 3124 ρασπονδῆσαι,
680 3055 976 3126 βαδιοῦμαι
1007 3056 1099 3109 ἐπὶ
1131 3058 1211 3109 σέ.
1242 3054 1357 3111 Hoc
1386 3056 1527 3112 idem
1557 3058 1820 3115 Saraceni

247 3145 406 3215 prius
426 3155 650 3215 egerant
676 3146 987 3203 Justiniano
1013 3144 1362 3203 Rhiuotmeto
1382 3147 1542 3202 ﬁdem
1565 3150 1823 3206 violatam
1849 3180 1895 3242 ο

245 3239 698 3307 exprobrantes:
735 3241 847 3294 Καὶ
900 3240 1340 3310 μαρτυρούμενοι
1400 3240 1496 3293 καὶ⁵
1542 3241 1633 3295 τὸν
1690 3242 1823 3297 Θεὸν

248 3331 542 3402 ἐκδικητὴν
571 3331 778 3386 τούτων
810 3330 1270 3401 προκαλούμενοι,
1309 3331 1401 3391 τὸν
1448 3330 1552 3399 τῆς
1597 3334 1823 3404 εἰρήνης

247 3424 530 3493 ἔγγραφον
557 3422 767 3495 χάρτην
813 3421 909 3475 ἐπὶ
950 3420 1286 3490 φλαμουλίου
1317 3422 1697 3493 κρεμάσαντες
1728 3426 1824 3479 καὶ

250 3515 590 3583 προάγοντες
621 3513 766 3568 κατὰ
811 3512 921 3567 τῶν
958 3511 1247 3583 Ῥωμαίων
1286 3510 1578 3581 ὥρμησαν.
1612 3513 1688 3568 Ita
1720 3513 1826 3569 Ce-

250 3606 480 3659 drenus.
1738 3644 1739 3647 η

326 3697 471 3751 Ibid.
509 3698 709 3765 Οικείςι
757 3696 906 3765 χειρί
960 3696 1286 3765 προέταξα.
1318 3697 1477 3751 Οὕτω
1513 3699 1673 3767 μὲνό
1707 3716 1827 3751 στε-

251 3789 491 3858 φόμενος
540 3790 639 3859 (sic
688 3788 833 3847 enim
887 3787 1051 3845 habet
1096 3789 1234 3843 alter
1295 3788 1469 3842 codex
1526 3789 1725 3844 Boicus
1773 3800 1826 3844 et

252 3876 682 3946 Lautherianus)
729 3879 829 3947 τῆς
892 3876 1087 3931 ἑαυτοῦ
1156 3877 1479 3948 προτάσσων
1534 3879 1827 3949 ὁμολογίας

252 3972 481 4041 γράφει.
516 3970 716 4026 Junius
763 3970 1037 4038 :Propria
1079 3987 1238 4024 manu
1292 3971 1571 4039 pmﬁnivi.
1602 3972 1693 4025 Sic
1740 3973 1825 4027 in-

253 4065 435 4119 scribit
481 4064 568 4133 qui
623 4071 903 4116 coronatus
948 4071 1046 4127 est,
1095 4063 1394 4131 preﬁniens
1448 4062 1829 4132 confessionem

254 4174 434 4210 suam.
465 4156 647 4226 Inepte
682 4172 697 4209 :
722 4154 854 4225 quid
883 4155 1031 4209 enim
1064 4155 1183 4208 vult
1208 4154 1316 4208 sibi
1345 4154 1450 4209 hoc
1476 4156 1739 4223 prteﬁnivi
1776 4164 1826 4209 et

253 4250 595 4319 pra'ﬁnieus.’
615 4248 810 4304 Verte:
850 4232 979 4306 Haec
1025 4248 1240 4315 propria
1294 4262 1454 4304 manu
1502 4248 1829 4316 prescripsi,

255 4357 355 4396 seu
379 4340 701 4408 confessioni
725 4340 849 4409 ﬁdei
874 4356 1006 4395 mea:
1032 4341 1291 4409 premisi.
1320 4338 1401 4393 Ad
1433 4340 1578 4393 hunc
1607 4340 1827 4393 modum

257 4436 305 4493 is
337 4436 434 4502 qui
473 4442 770 4489 coronatus
811 4432 918 4502 (vel
961 4432 1143 4501 potius
1189 4431 1540 4500 coronandus)
1568 4439 1673 4495 est,
1701 4447 1829 4500 pro-

1918 571 2107 627 Priora
2142 571 2223 626 sic
2256 571 2421 624 vertit
2453 569 2648 625 Junius
2696 587 2707 622 :
2751 569 2954 636 Quodsi
2986 566 3128 635 ﬁlius
3161 574 3234 616 est
3261 563 3383 631 ipsi,
3416 564 3488 617 si-

1919 662 2130 736 quidem
2176 665 2425 719 attribuit
2463 674 2634 732 pater.
2686 662 3000 732 Pcrperam.
3055 658 3370 727 Legendum
3422 669 3492 711 ex

1921 757 2050 812 cod.
2073 757 2204 811 Bav.
2238 766 2293 811 et
2346 757 2546 811 Lautb.
2577 756 2888 808 ἐνδίδωσιν·
2928 754 2975 806 si
3016 762 3164 820 pater
3213 748 3493 813 concedat,

1921 852 1966 904 si
1997 850 2291 919 permittat.
2322 850 2524 906 Gams.

1992 940 2133 997 Ibid.
2165 939 2484 1014 {Gregoras,
2554 957 2627 1007 IV,
2685 940 2752 994 15
2810 957 2822 993 :
2892 934 3191 1005 Ἐπέτρεψε
3246 934 3290 986 δ’
3344 932 3495 997 αὑτῷ

1923 1034 2303 1105 (Ἀνδρονίκῳ)
2337 1037 2363 1088 ό
2395 1033 2580 1115 πατὴρ
2622 1034 2713 1087 καὶ
2746 1033 2815 1085 δι’
2867 1030 3116 1102 ἐρυθρῶν
3153 1029 3495 1099 ὑπογράφειν

1922 1128 2272 1199 γραμμάτων
2307 1129 2737 1198 προστάγματα,
2776 1127 2835 1179 οὺ
2877 1126 3058 1194 μέντοι
3115 1124 3260 1193 μῆνα
3291 1122 3384 1193 καὶ
3424 1120 3496 1172 ἵνα

1923 1220 2127 1283 δικτον,
2162 1221 2328 1285 ἀλλὰ,
2380 1220 2718 1290 Ἀνδρόνικος
2754 1216 2990 1287 Χριστοῦ
3009 1214 3201 1286 χάριτι
3247 1213 3499 1283 βασιλεὺς

1935 1309 2243 1379 Ῥωμαίων.
2255 1367 2259 1370 ,
2273 1312 2471 1384 Gonni

1995 1405 2056 1458 P.
2105 1405 2195 1459 8'1.
2246 1403 2443 1460 Junius
2492 1406 2684 1461 inscite
2714 1405 2964 1476 promitto
3002 1419 3082 1457 me
3137 1401 3501 1458 abstenturum

1927 1496 1990 1549 ab
2031 1496 2253 1550 inuidia.
2281 1496 2394 1550 lmo
2438 1515 2468 1550 a
2516 1496 2768 1560 cazdibus,
2798 1495 2925 1565 quia
2977 1494 3265 1564 legendum
3298 1494 3502 1562 φόνων,

1927 1601 2032 1641 non
2089 1587 2323 1654 φθόνων.
2376 1587 2567 1654 Qualis
2611 1589 2905 1658 promissio
2955 1590 3024 1642 ab
3069 1592 3421 1658 imperatore,
3454 1587 3503 1643 si

1928 1679 2209 1747 promittat
2235 1694 2294 1734 se
2317 1680 2455 1736 velle
2485 1680 2763 1735 abstinere
2788 1684 2854 1732 ah
2890 1679 3253 1742 invidia,cum
3281 1679 3367 1731 vix
3397 1678 3486 1732 ha-

1931 1769 2053 1823 beat
2084 1769 2172 1825 cui
2202 1770 2319 1840 ipse
2356 1770 2615 1835 invideat,
2658 1772 2773 1839 ipsc
2818 1772 3094 1825 communi
3134 1772 3379 1825 omnium
3423 1772 3505 1823 in-

1931 1860 2089 1915 vidize
2128 1861 2449 1930 expositus?
2476 1862 2586 1917 Nec
2615 1874 2758 1917 recte
2784 1863 2946 1916 vertit
2976 1861 3504 1931 ἀκρωτηριασμούς,

1929 1952 2322 2010 concussiones
2371 1972 2384 2008 :
2441 1955 2814 2009 tuutilationes
2859 1955 3120 2019 debebas,
3166 1954 3316 2010 Juni.
3365 1956 3507 2022 Quia

1931 2044 2077 2098 enim
2108 2044 2281 2101 Graeci
2313 2048 2676 2116 imperatores
2724 2047 2789 2100 ad
2840 2047 3019 2101 caedes
3046 2058 3099 2101 et
3128 2048 3505 2104 mutilationes

1929 2136 2087 2191 valde
2117 2138 2351 2206 prompti
2394 2147 2570 2203 erant,
2607 2148 2665 2191 ut
2698 2153 2761 2191 ex
2791 2146 2901 2190 tota
2938 2137 3167 2191 historia
3203 2138 3505 2209 Byzantina

1928 2223 2123 2293 liquet,
2171 2225 2295 2294 jure
2346 2226 2415 2281 ab
2471 2227 2610 2293 illis,
2661 2242 2799 2296 quos
2851 2242 3056 2281 corona
3117 2228 3506 2297 exspectabat,

1929 2318 2251 2388 exigebatur
2290 2328 2349 2375 ut
2403 2321 2592 2374 hacin
2640 2335 2697 2374 re
2727 2320 2948 2374 modum
2998 2329 3249 2375 tenerent
3278 2331 3331 2375 et
3373 2320 3508 2377 nihil

1931 2420 2125 2476 preter
2154 2407 2238 2464 fas
2272 2418 2512 2479 agerent.

2001 2497 2146 2553 Ibid.
2184 2502 2289 2566 Εις
2317 2500 2423 2567 τὰς
2453 2502 2659 2568 τόσας.
2694 2502 2833 2568 Quid
2868 2506 2970 2561 hoc
3002 2505 3106 2560 sibi
3143 2504 3296 2571 velit,
3332 2503 3509 2559 lateor

1931 2604 2019 2644 me
2046 2605 2153 2645 non
2177 2592 2433 2669 assequi;
2469 2608 2594 2647 nam
2631 2595 2777 2663 quod
2820 2595 3017 2652 Junius
3046 2596 3233 2663 vertit,
3265 2598 3335 2649 ad
3382 2607 3509 2650 tau-

1933 2693 2011 2738 tas
2039 2680 2105 2749 N,
2138 2683 2190 2737 id
2224 2683 2359 2738 mihi
2394 2700 2504 2739 non
2537 2686 2825 2741 satisfacit.
2859 2688 3065 2746 GBITS.

2009 2772 2151 2828 Ibid.
2186 2772 2351 2845 [Quid
2386 2775 2489 2829 hoc
2512 2776 2614 2829 sibi
2647 2777 2796 2843 velit,
2828 2776 3003 2833 fateor
3027 2794 3115 2833 me
3141 2794 3247 2835 non
3265 2780 3506 2849 assequi,

1930 2865 2445 2923 scribitGretserus.
2464 2868 2547 2922 Nil
2570 2869 2767 2924 mirum
2790 2889 2803 2925 :
2824 2880 3119 2941 corruptus
3140 2874 3285 2927 enim
3309 2883 3364 2927 et
3392 2874 3510 2926 vul-

1932 2958 2078 3027 garis
2106 2967 2190 3014 est
2212 2959 2466 3028 loquendi
2492 2962 2705 3027 modus,
2734 2980 2843 3027 quo
2874 2976 3105 3034 quotum
3134 2967 3338 3021 mensis
3360 2967 3508 3020 diem

1933 3051 2196 3105 adnotant
2217 3050 2412 3107 Graeci.
2434 3052 2507 3107 Ex
2535 3055 2741 3125 vulgari
2765 3061 3122 3126 grammatica
3143 3058 3386 3127 percipio
3412 3072 3510 3114 eos

1930 3142 2049 3198 dies
2068 3145 2276 3201 mensis
2298 3155 2688 3203 numeraturos
2706 3163 2812 3202 non
2831 3150 3115 3218 adjectivis
3132 3152 3510 3207 uumeralibus

1934 3235 2028 3289 sed
2064 3235 2426 3293 substantivis
2486 3238 2564 3292 uti
2610 3256 2624 3293 :
2666 3255 2774 3293 non
2823 3241 2966 3295 enim
3004 3242 3193 3297 dicunt
3238 3245 3509 3311 secundo,

1933 3325 2169 3393 decimo,
2195 3328 2454 3386 vicesimo
2474 3330 2581 3399 die,
2603 3346 2789 3386 verum
2825 3334 2892 3388 ad
2927 3335 3084 3399 duos,
3103 3335 3169 3389 ad
3201 3334 3414 3403 decem,
3440 3339 3511 3394 ad

1932 3418 2129 3489 viginti
2167 3422 2285 3476 dies
2321 3424 2547 3478 mensis.
2587 3422 2763 3485 Simul
2789 3427 2951 3480 etiam
2998 3428 3401 3497 praepositionis
3429 3432 3512 3494 είς

1934 3513 2494 3584 accusativojunctze,
2527 3532 2690 3585 quam
2727 3520 2784 3569 ὲν
2808 3518 3013 3585 dativo,
3052 3520 3396 3591 frequentior
3424 3534 3511 3579 est

1934 3604 2077 3673 apud
2133 3619 2228 3661 eos
2282 3621 2436 3662 usus.
2487 3605 2644 3664 Vides
2679 3608 2864 3679 itaque
2908 3611 2989 3673 είς
3040 3612 3136 3675 τὰς
3188 3614 3353 3677 τόσας
3410 3616 3508 3669 τοῦ

1938 3695 2127 3763 μηνὸς,
2161 3696 2229 3751 ad
2271 3698 2495 3753 verbum
2541 3700 2614 3753 ad
2663 3708 2739 3755 tot
2785 3704 2976 3756 mensis
3021 3704 3156 3766 dies,
3195 3706 3357 3759 scribi
3392 3707 3509 3762 vice

1936 3786 2034 3839 tati
2076 3791 2161 3841 die
2204 3792 2418 3845 mensis.
2452 3790 2816 3864 Subjungitur
2854 3794 2913 3847 ὲν
2961 3796 3179 3867 ἡμέρᾳθ
3217 3806 3273 3853 tu
3315 3801 3512 3869 supple

1933 3878 2034 3949 τῆς
2067 3880 2357 3950 ἑϐδομάδος
2388 3882 2601 3956 πρώτῃ,
2630 3886 2877 3956 δευτέρᾳ,
2915 3888 3095 3959 τρίτῃ.

2004 3970 2148 4026 Ibid.
2191 3973 2457 4039 Συνόδῳ.
2514 3973 2634 4029 Non
2697 3979 2860 4031 unius
2908 3980 3200 4047 provincia:
3249 3983 3510 4040 collectos

1937 4060 2223 4130 episcopos
2262 4077 2476 4130 omnes,
2525 4064 2610 4120 vel
2656 4081 2723 4120 ex
2760 4048 3058 4137 provinciis
3107 4073 3366 4127 omnibus
3414 4089 3513 4143 pa-

1940 4152 2195 4207 triarchae
2236 4154 2501 4224 subjectis
2551 4160 2812 4227 praesules
2875 4161 3103 4231 aliqum,
3152 4165 3221 4219 de
3263 4165 3512 4222 moribus

1938 4244 2019 4296 vel
2053 4244 2326 4315 Ecclesiael
2351 4247 2457 4303 lide
2487 4248 2896 4318 disquisituros,
2930 4254 3150 4307 σύνοδον
3191 4257 3278 4311 hic
3317 4260 3513 4313 vocari

1938 4334 2238 4402 existimes,
2272 4341 2367 4393 sed
2415 4341 2499 4394 vel
2545 4343 2750 4397 clcrum
2802 4343 2932 4411 CP.,
2968 4347 3049 4399 vel
3087 4363 3210 4401 cum
3262 4364 3329 4403 co
3374 4366 3516 4419 prae-

1939 4427 2089 4482 sules
2140 4430 2233 4499 qui
2288 4430 2429 4486 forte
2485 4431 2592 4487 (ΣΡ.
2651 4447 2959 4494 versantur.
3014 4438 3146 4494 Vide
3196 4439 3343 4495 Jnris
3392 4440 3510 4497 GR.

258 4529 434 4597 priam
481 4541 638 4580 suam
687 4524 1087 4581 confessionem
1137 4523 1549 4595 przscriptione
1594 4531 1650 4577 et
1694 4537 1909 4601 prae-oo

1841 4537 1909 4601 ὐ
1941 4518 1977 4572 l.
2013 4536 2069 4573 ιιι
2100 4530 2154 4575 et
2184 4538 2238 4576 tv
2279 4525 2560 4579 continere
2587 4528 2867 4590 συνοδικὰς
2898 4531 3222 4599 ἀποφάσεις,
3257 4533 3358 4587 hoc
3400 4544 3509 4601 est,

260 4618 542 4672 notatione
583 4616 825 4677 nominis
869 4624 927 4671 et
970 4615 1252 4684 dignitatis
1282 4630 1394 4670 suae
1421 4615 1671 4683 insignit.
1704 4614 1830 4671 Haec

260 4712 409 4765 enim
459 4709 884 4778 [inscribebant
927 4724 942 4760 :
987 4706 1049 4763 Ὀ
1082 4707 1229 4759 δεῖνα
1259 4709 1318 4759 ὲν
1347 4706 1571 4775 Χριστῷ
1600 4705 1831 4777 τῷ”Θεῷ

263 4803 456 4864 πιστὸς
488 4801 741 4871 βασιλεὺς
770 4802 870 4855 κα).
894 4801 1256 4869 αὐτοκράτωρ
1286 4799 1466 4869 οἰκεία
1495 4801 1637 4868 χειρὶ
1671 4801 1834 4871 προέ-

263 4894 421 4958 ταξα.
458 4892 523 4947 Et
552 4894 679 4947 huic
708 4894 956 4962 προταγῇ
988 4895 1284 4960 respondet
1312 4890 1586 4960 ὑποταγή,
1605 4891 1837 4945 subscri-

264 4988 399 5054 ptio,
424 4983 498 5039 de
543 4999 653 5054 qua
703 4982 987 5052 Curopal.,
1034 4998 1089 5050 p.
1137 4981 1255 5035 87:
1304 4982 1364 5035 ’0
1411 4979 1470 5032 δὲ
1508 4984 1834 5050 προτάσσων

266 5078 429 5131 τοῦτο
456 5077 590 5130 αὐτὸ
621 5075 784 5128 πάλιν
809 5076 903 5128 καὶ
932 5081 1071 5144 μετὰ
1092 5074 1189 5143 τὴν
1216 5074 1316 5143 τῆς
1349 5075 1586 5137 πίστεως
1617 5074 1837 5128 ἔκθεσιν

268 5172 594 5224 ὑποτάσσων
646 5165 811 5238 354
838 5168 1059 5235 γράφει,
1087 5165 1256 5234 ἠγουν
1290 5165 1350 5216 τὸ
1383 5168 1410 5216 ό
1436 5165 1584 5217 δεῖνα
1612 5168 1668 5217 ὲν
1707 5168 1841 5235 Χρι-

270 5258 386 5329 στῷ
412 5257 490 5326 τῷ
515 5256 633 5323 Θεῷ
664 5260 853 5317 πιστὸς
882 5256 1135 5325 βασιλεὺς
1169 5256 1262 5307 καὶ
1293 5256 1658 5325 αὐτοκράτωρ
1704 5256 1838 5309 Ῥω-

274 5352 476 5418 μαίων,
520 5348 552 5416 ἢ
608 5330 857 5417 βασιλεὺς
920 5346 1227 5413 Ῥωμαίων,
1280 5346 1457 5414 οἰκείᾳ
1506 5347 1650 5415 χειρὶ
1708 5348 1842 5398 ὑπο-

272 5443 466 5506 τάξας.
503 5441 645 5508 Et'go
672 5452 727 5494 et
754 5440 1106 5508 ,προτάσσειν
1144 5447 1198 5491 et
1231 5439 1561 5490 ὑποτάσσειν
1589 5449 1673 5491 est
1702 5456 1841 5507 ριἰεο

273 5535 501 5589 scribere
530 5543 585 5588 et
629 5532 985 5595 subscribere;
1018 5535 1072 5583 in
1102 5546 1338 5600 quorum
1396 5531 1617 5583 notione
1661 5533 1841 5598 pervi-

275 5620 454 5685 den'da
484 5636 536 5681 et
562 5627 883 5695 explicanda
911 5624 1067 5693 plane
1100 5622 1371 5676 cmcutivit
1396 5621 1609 5676 Junius.
1632 5624 1839 5681 (Iners.

1940 4612 2334 4682 ὰρχιερατικὰς
2389 4616 2689 4683 διατάξεις,
2742 4621 3038 4688 pontiﬁcias
3110 4626 3513 4681 constitutiones

1941 4706 2196 4773 privatim
2243 4722 2271 4760 a
2314 4710 2642 4777 patriarchis
2684 4713 2883 4778 editas,
2919 4715 3007 4767 cui
3059 4717 3252 4783 privati
3299 4726 3513 4772 tantum

1943 4798 2215 4867 paucique
2257 4802 2501 4871 episcopi
2538 4804 2829 4858 consilium
2864 4806 3079 4861 dedisse
3117 4819 3510 4864 memorantur.

1944 4888 2083 4943 Hinc
2107 4890 2417 4960 ἑνδημοῦσα
2448 4893 2571 4963 ἱερὰ
2602 4896 2839 4962 σύνοδος,
2880 4900 3216 4967 peregrinam
3238 4911 3284 4954 et
3311 4903 3515 4957 incerta

1945 4981 2197 5049 synodus,
2225 4991 2279 5036 et
2332 4983 2431 5052 τῆς
2482 4986 2822 5056 ὲνδημούσης
2862 4989 3169 5058 τηνικαῦτα
3226 4992 3516 5063 συναθροι-

1948 5074 2165 5143 σθείσης
2198 5076 2415 5128 συνόδου
2453 5078 2749 5147 συνέδριον,
2785 5082 3109 5134 occurrentis
3157 5091 3206 5135 et
3240 5087 3307 5135 ad
3331 5084 3516 5137 urbem

1950 5169 2109 5238 (forte
2153 5169 2399 5240 fortuito)
2443 5174 2631 5241 synodi
2689 5176 3002 5240 concilium,
3042 5176 3282 5245 ejusdem
3332 5181 3515 5249 operis

1951 5274 2003 5325 ρ.
2034 5259 2159 5311 271.
2185 5258 2383 5331 (ἱολιι.]

2022 5354 2084 5407 ι».
2127 5353 2213 5407 88.
2263 5352 2583 5409 Thomailes.
2616 5356 2868 5426 Magnum
2919 5360 3058 5412 sacri
3110 5359 3297 5429 palatii
3343 5360 3519 5415 tricli-

1952 5451 2124 5514 nium,
2161 5459 2218 5503 ut
2256 5466 2285 5503 a
2334 5449 2547 5506 Zonara
2591 5454 2643 5504 in
2686 5452 2913 5521 imperio
2948 5454 3130 5507 lrenes
3178 5456 3515 5519 nominatur,

1952 5543 2094 5611 quod
2129 5542 2230 5595 sub
2260 5539 2446 5596 cadem
2490 5544 2836 5611 imperatrice
2866 5544 3258 5614 conﬂagravit;
3298 5560 3519 5614 unaque

1955 5642 2190 5687 cremata
2215 5648 2335 5688 esse
2360 5633 2608 5687 feruntur
2637 5651 2700 5688 eo
2726 5636 2779 5688 in
2804 5636 2923 5690 loco
2948 5638 3338 5690 commentaria
3356 5636 3517 5707 355

338 5718 411 5772 Ρ.
440 5718 530 5771 86.
564 5720 660 5769 “Av
706 5718 761 5769 δὲ
801 5718 913 5777 υἱὸς
970 5713 1116 5782 αὑτῷ
1153 5709 1208 5785 ᾖ,
1239 5714 1286 5765 εἰ
1351 5714 1447 5782 μὲν
1496 5715 1781 5768 ἐκδίδωσιν
1821 5722 1846 5769 ὁ
1955 5738 2006 5790 (μ

1828 5722 1846 5769 5
1955 5723 2199 5790 quaedam
2231 5724 2282 5775 in
2316 5739 2503 5803 sacras
2541 5725 2749 5781 litteras
2776 5726 2830 5781 S.
2862 5726 3085 5781 Joannis
3116 5728 3496 5798 Chrysostomi

277 5813 489 5885 πατὴρ,
510 5812 709 5882 γράφει
738 5812 833 5864 καὶ⁸
863 5809 1045 5873 αὐτὸς,
1072 5810 1391 5875 προτάσσων
1424 5805 1615 5871 οὕτως.
1644 5810 1845 5866 Omitto

1097 5810 1391 5875 :povdsomv
1424 5805 1615 5871 οὕτως.
1644 5810 1845 5866 Omitto
1958 5823 2015 5871 υι
2044 5815 2233 5872 scribit
2265 5814 2528 5873 Zonaras.
2566 5817 2765 5873 GRETS.

570 5916 841 5979 Ps'rnon.
884 5912 999 5969 Gn.
1028 5906 1254 5970 CLVII.

3077 5917 3149 5976 13
