4224 6450
300 367 409 435 397

1392 372 1780 434 GRETSERI
1819 374 1914 437 ET
1949 369 2188 438 GOARI
2236 376 2467 441 ΝΟΤῈ.

3418 386 3526 450 398

295 494 584 556 ἁπάντων,
612 490 895 555 καθεσθεὶς
929 491 1018 546 ἐπ’
1064 490 1291 555 ἀσπίδος
1319 494 1459 572 κατὰ
1480 493 1542 547 τὸ
1563 497 1621 548 ιν
1646 495 1856 561 τούτοις
1884 498 1933 559 Α
1961 498 2205 567 τρίγγιον
2237 500 2486 569 γενέσθαι
2525 501 2871 570 προσέταξεν,
2910 502 3036 557 ἔνθα
3063 502 3313 575 ἀλλήλοις
3368 506 3529 576 ἔμελ-

295 579 638 652 επικρατοῦν
684 581 827 645 ἔθος.
870 581 988 636 Lib.
1020 588 1162 643 iv,s.
1190 582 1262 637 1:
1320 570 1447 636 Ἐπὶ
1491 584 1588 654 τῆς
1632 585 1859 647 ἀσπίδος

294 673 536 727 ἀνταῦθα
591 673 722 742 περὶ
774 672 877 742 τὴν
914 672 1244 742 Μαγνησίαν
1279 674 1607 738 καθίσαντες
1637 676 1859 747 Μιχαὴλ

290 764 386 818 τὸν
408 764 777 832 Παλαιολόγον
826 760 1225 831 ἀναγορεύουσι
1276 761 1502 831 βασιλέα
1521 764 1572 816 oi
1608 763 1736 835 δόξῃ
1766 765 1860 818 καὶ

290 858 449 926 γένει
477 858 831 929 προῦχοντες.
868 857 1161 927 Corippnro
1218 856 1286 912 de
1316 855 1535 913 Iustino
1562 857 1771 914 Minore
1794 874 1857 922 ιι,

294 952 399 1005 157
423 953 639 1007 confert
675 950 987 1006 Grelsterns.
1023 950 1223 1022 Goan.]

360 1043 533 1097 Porro
593 1043 707 1098 hac
767 1058 889 1112 quae
946 1044 1001 1097 in
1034 1058 1187 1113 seqq.
1232 1043 1605 1121 continentur,
1641 1046 1859 1101 videtur

289 1135 535 1191 Codinus
603 1151 668 1190 ex
730 1136 1115 1191 Cantacuzeno
1195 1136 1607 1205 descripsisse:
1665 1140 1855 1195 eadem

286 1226 435 1279 enim
496 1242 664 1295 prope
689 1228 950 1280 verbatim
1004 1227 1197 1282 scribit
1227 1228 1661 1294 Cantacuzenus,
1690 1248 1731 1295 ι,
1762 1233 1853 1287 Η.

288 1316 566 1371 Posterior
596 1328 777 1372 autem
841 1318 1231 1373 Cantacuzeno
1292 1317 1534 1375 Codinus
1564 1320 1694 1385 fuit,
1728 1337 1850 1376 cum
1894 1340 1907 1344 ‘

285 1410 654 1465 Cantacuzeni
712 1411 1001 1479 aliquoties
1052 1414 1382 1467 mentionem
1420 1413 1609 1476 faciat,
1661 1427 1768 1466 non
1795 1421 1853 1466 ut

286 1504 576 1566 coaetanei,
618 1505 712 1557 sed
741 1512 801 1556 ut
848 1512 1095 1572 tempore
1115 1494 1367 1573 prioris;
1416 1512 1677 1572 nutatque
1709 1501 1852 1557 Pon-

285 1604 453 1648 tanus
490 1603 676 1649 noster
705 1594 757 1647 in
795 1593 938 1648 notis
969 1595 1036 1649 ad
1062 1609 1112 1649 c.
1140 1595 1230 1658 ιι,
1269 1594 1311 1648 i.
1332 1611 1352 1648 ι
1383 1592 1639 1650 Historiae
1657 1594 1851 1649 Canta-

284 1686 479 1740 cnseni
541 1686 816 1741 Codinum
874 1686 1077 1741 vixisse
1116 1687 1218 1741 sub
1274 1685 1521 1740 Mannele
1545 1688 1843 1741 Andronici

283 1775 522 1845 junioris
578 1786 793 1846 nepote,
823 1776 915 1843 qui
951 1776 1413 1843 antepennltimns
1463 1775 1756 1846 imperator
1782 1789 1849 1834 ex

284 1869 590 1937 Cpolitanis
614 1868 738 1932 fuit,
764 1868 960 1922 Turcis
974 1868 1134 1937 357
1167 1877 1350 1949 postea
1386 1868 1671 1938 imperium
1699 1870 1850 1924 inva-

290 1961 546 2015 dentibus
582 1967 745 2029 atque
767 1959 1177 2029 occupantibus.
1210 1960 1483 2028 Quidquid
1510 1961 1605 2026 sit,
1642 1962 1849 2015 clarum

283 2060 394 2117 est,
460 2052 731 2106 Codinum
784 2066 894 2105 non
943 2052 1035 2105 diu
1084 2062 1211 2108 ante
1236 2051 1584 2121 Cpolitanum
1619 2054 1847 2108 exitium

286 2143 510 2197 vixisse.
545 2143 744 2198 Gners.

362 2234 527 2307 Ibid]
567 2240 629 2289 Ol
658 2236 1077 2307 ἐνάξιώμασιν
1103 2239 1521 2309 ὑπερέχοντος.
1553 2239 1855 2296 Conﬁrma-

285 2325 363 2394 νίι
394 2327 574 2395 idjam
607 2328 809 2383 relatus
832 2329 1119 2400 Gregoras.
1153 2332 1318 2385 Addit
1364 2332 1581 2387 Simeon
1616 2332 1853 2389 Thessa-

286 2420 612 2474 lonicensis:
642 2420 961 2493 Ἀνυψοῦσιν
984 2423 1146 2477 αὐτὸν
1185 2425 1277 2477 ἐπὶ
1324 2427 1717 2495 στρατιωτικῆς
1756 2428 1855 2481 ἀσ-

282 2503 436 2568 πίδος
457 2506 687 2560 ἐνώπιον
712 2510 806 2562 τοῦ
837 2510 963 2563 λαοῦ
998 2529 1012 2543 ο
1043 2511 1072 2564 δ
1095 2514 1187 2565 καὶ
1216 2513 1548 2583 στρατηγίαν
1579 2514 1729 2582 δηλοῖ
1760 2516 1853 2569 καὶ

277 2592 580 2663 βασιλείαν.
609 2598 717 2650 Καὶ
757 2600 859 2653 ὑπὸ
906 2600 1290 2671 ἀξιωματικῶν
1346 2603 1557 2673 αἴρεται
1607 2604 1681 2667 ὡς
1712 2606 1853 2676 ἀρχὴ

281 2684 461 2738 αὐτῶν
492 2688 587 2740 καὶ
618 2691 851 2760 κορυφὴ,
875 2696 968 2747 καὶ
996 2693 1099 2744 ὐπὸ
1132 2692 1478 2761 στρατιωτῶν
1510 2694 1603 2749 καὶ
1640 2694 1732 2749 τοῦ
1759 2698 1852 2767 δή·

281 2792 388 2844 μου
418 2782 800 2847 προσκυνεῖται
822 2783 894 2845 ὡς
912 2782 1173 2852 δεσπότης
1191 2784 1372 2838 αὐτῶν
1397 2786 1654 2853 γεγονώς.
1678 2786 1853 2842 (ΞοΑιι.

358 2862 420 2917 Ρ.
460 2864 548 2920 89.
581 2868 1145 2938 Ἐπευφημίσαντος
1173 2871 1243 2924 δὲ
1265 2873 1372 2926 τοῦ
1396 2874 1552 2928 λαοῦ
1580 2876 1675 2929 καί
1702 2891 1855 2945 spea-

280 2953 496 3009 σὰτου.
561 2953 776 3012 Faustis
808 2960 1287 3016 acclamationibus
1319 2961 1673 3032 l'elicibusqne
1713 2966 1853 3023 votis

277 3059 472 3100 recens
517 3060 823 3117 promotum
856 3051 1152 3120 principem
1186 3062 1502 3121 prosecutos
1548 3057 1751 3112 milites
1802 3067 1855 3113 et

1958 588 2056 641 λον
2074 590 2302 654 ὁμιλεῖν.
2335 591 2477 645 Infra
2513 607 2526 644 :
2562 592 2780 662 Πρῶτος
2815 588 2907 647 οὖν
2953 598 2981 648 ό
3011 594 3260 666 βασιλεὺς
3318 596 3529 667 Ῥωμα-

1964 678 2053 742 voc
2078 681 2176 750 τὴν
2216 682 2514 753 εἰρημένην
2557 684 2872 753 ἀποϐάθραν
2914 686 3235 740 καταλαϐὼν
3286 689 3379 742 τὸν
3428 692 3531 744 Συ-

1965 773 2109 843 μεὼν
2142 774 2438 846 ἐξεδέχετο.
2471 776 2728 833 Rursus:
2768 777 2970 850 Τρίτην
3008 779 3062 832 δὲ
3110 780 3247 849 μετά
3301 783 3392 835 τὸν
3431 783 3528 850 γά-

1964 881 2062 933 μον
2089 867 2331 920 ἐστίασιν
2369 870 2425 921 ἐν
2450 872 2513 940 τῇ
2544 868 2654 922 τῶν
2707 869 2909 940 Πηγῶν
2931 871 3218 943 ἀποϐάθρᾳ
3240 874 3470 945 ποιήσας
3498 877 3528 926 ό

1960 956 2233 1025 βασιλεὺς,
2287 962 2419 1030 παρ’
2479 963 2614 1032 αὐτῇ
2673 964 2737 1032 τῇ
2786 961 3074 1033 ἀποϐάθρᾳ
3102 963 3194 1016 τοῦ
3248 963 3525 1033 βασιλικοῦ

1959 1048 2233 1119 δρόμωνος
2290 1052 2600 1122 ἱσταμένου,
2633 1054 2954 1124 συνεστιάθη
2995 1051 3071 1125 τῷ
3100 1054 3311 1125 Πέτρῳ.
3365 1056 3421 1110 In
3454 1059 3527 1113 sic

1958 1142 2080 1196 mili
2106 1143 2349 1197 tabulato
2377 1137 2586 1200 Manuel
2618 1145 2781 1215 hujus
2818 1145 3058 1199 nominis
3106 1145 3333 1201 ultimus
3386 1145 3525 1200 Tur-

1957 1247 2145 1288 carum
2175 1236 2475 1305 principem
2532 1236 2783 1291 convivio
2831 1237 3042 1307 excepit
3072 1238 3215 1308 apud
3262 1229 3525 1293 Phranzw

1958 1324 2304 1393 interpretem
2332 1327 2662 1385 Pontanum.
2693 1330 2893 1404 Gonn]

2028 1435 2167 1491 Ibid.
2198 1439 2323 1493 Ἐπὶ
2357 1441 2449 1492 τὸν
2476 1440 2725 1509 ἀμϐωνα,
2755 1444 2807 1496 in
2842 1456 3161 1515 suggestum.
3198 1445 3423 1516 ’Δμϐων
3451 1446 3522 1502 ab

1957 1526 2250 1590 ἀναϐαίνω,
2280 1531 2421 1597 quod
2452 1533 2811 1597 estascendo,
2841 1549 3038 1589 nomen
3088 1537 3317 1592 traxisse
3364 1549 3521 1607 puta-

1955 1624 2064 1680 tur,
2118 1622 2334 1677 tametsi
2392 1621 2721 1679 Walal‘ridus
2776 1626 2973 1681 Strabo
3028 1628 3095 1681 de
3144 1629 3305 1683 rebus
3349 1631 3520 1685 eccle-

1954 1706 2106 1761 siast.
2138 1724 2189 1765 c.
2222 1710 2276 1775 6,
2311 1713 2593 1767 ambonem
2631 1714 2697 1767 ab
2746 1716 3024 1770 ambiendo
3078 1717 3305 1782 derivat,
3372 1721 3519 1789 quod

1879 1827 1927 1889 Β
1960 1798 2248 1856 intrantem
2268 1804 2535 1859 ambiatet
2560 1804 2757 1872 cingat.
2785 1808 3086 1862 Ambonem
3116 1824 3278 1878 porro
3309 1824 3519 1879 magna:

1953 1891 2207 1949 Ecclesia:
2237 1911 2487 1964 magnum
2524 1896 2688 1951 fuisse
2717 1906 2951 1966 oportet,
2982 1900 3181 1970 quippe
3200 1901 3313 1971 qui,
3347 1910 3405 1955 ut
3429 1902 3519 1955 hic

1942 1985 2196 2052 refertur,
2244 2005 2357 2067 uno
2410 1998 2463 2043 et
2517 1993 2705 2046 eodem
2766 2002 3006 2062 tempore
3043 1997 3403 2063 patriarcham
3460 2008 3517 2051 et

1944 2077 2218 2132 ministros
2246 2079 2701 2150 imperatoresque
2737 2085 2959 2152 ceperit,
3002 2094 3056 2139 et
3110 2086 3166 2140 in
3221 2102 3331 2156 quo
3376 2088 3515 2142 ritus

1944 2169 2370 2239 inaugurationis
2445 2176 2924 2245 coronatlonisque
2998 2179 3181 2248 peragi
3257 2182 3512 2248 potuerit.

1944 2261 2229 2331 Propterea
2289 2265 2470 2319 nullus
2500 2266 2681 2321 animo
2732 2269 2933 2337 aliquid
2989 2270 3190 2325 nostris
3248 2275 3515 2343 suggestis

1945 2350 2119 2405 simile
2144 2353 2461 2421 concipiat:
2495 2357 2672 2423 potius
2722 2357 2989 2425 concipiat
3041 2375 3202 2429 quam
3252 2359 3508 2415 Germani

1946 2451 2145 2498 vocant
2166 2443 2253 2498 die
2274 2443 2612 2511 Porkirchen,
2650 2448 2700 2502 id
2730 2457 2813 2503 est
2860 2450 3040 2517 templi
3094 2462 3273 2520 partes
3321 2454 3510 2523 editas,

1945 2536 2133 2605 quales
2156 2537 2419 2593 columnis
2453 2539 2686 2593 suﬂ‘ultaz
2717 2550 2811 2595 aut
2831 2542 3131 2611 parietibus
3151 2543 3318 2600 afﬁxa:
3348 2548 3428 2601 vel
3458 2549 3511 2602 in

1945 2627 2226 2697 adytorum
2255 2629 2528 2683 vestibulo
2564 2631 2617 2684 in
2649 2632 2815 2686 altum
2858 2642 3151 2689 exstructas
3204 2637 3514 2693 hominibus

1945 2718 2277 2789 recipiendis
2319 2720 2371 2774 in
2403 2721 2614 2790 templis
2646 2723 2920 2777 visuntur.
2951 2724 3118 2795 358
3144 2724 3385 2783 Habebat
3415 2743 3514 2783 au-

1946 2817 2051 2863 tem
2077 2809 2276 2865 ambon
2307 2810 2443 2864 duos
2490 2825 2771 2876 ascensus,
2818 2822 2877 2868 ut
2930 2830 2981 2883 p.
3047 2816 3135 2880 9i,
3187 2832 3252 2873 ex
3305 2817 3513 2873 Codino

1945 2901 2229 2957 discimus.
2257 2900 2365 2956 Nec
2394 2902 2707 2971 Onupbrius
2749 2907 2803 2959 in
2862 2906 3042 2962 libello
3096 2922 3203 2974 quo
3254 2909 3512 2967 obscuras

1945 2991 2205 3057 quasdam
2265 3007 2422 3047 voces
2471 2993 2866 3051 ecclesiasticas
2912 2998 3164 3066 explicat,
3221 3016 3273 3055 v.
3321 3003 3507 3065 Ambo,

1946 3082 2147 3136 oblitus
2171 3092 2255 3137 est
2288 3099 2509 3138 monere
2536 3084 2603 3137 de
2634 3084 2832 3155 duplici
2862 3101 3091 3142 ascensu
3123 3089 3175 3142 in
3195 3090 3505 3147 ambonem.

273 3139 535 3247 ρξρυιξιω
571 3142 752 3195 num"
783 3142 995 3210 ίεηοηι
1019 3160 1034 3197 ³
1059 3153 1561 3247 οςεξπτυηξηπξθη
1586 3146 1834 3202 mulo“
1868 3178 1913 3238 ο
1946 3171 2002 3226 In
2040 3172 2363 3243 quibusdam
2390 3175 2635 3230 ecclesiis
2664 3139 2781 3231 dbo
2823 3139 3090 3247 graduum

274 3229 412 3282 adeo
442 3226 789 3297 frequentatae
808 3234 1183 3288 consuetudini
1214 3234 1553 3292 manifestius
1582 3247 1838 3293 attestan-

275 3322 373 3375 tia.
404 3319 610 3377 Leonis‘
632 3320 981 3379 Grammatici
1007 3325 1074 3379 de
1095 3326 1276 3383 Leone
1295 3328 1551 3383 Armenio
1574 3347 1590 3385 :
1627 3330 1842 3399 Ἐποίη-

277 3429 373 3466 σεν
399 3413 595 3476 αὐτοὺς
644 3414 960 3483 εὐφημῆσαι
1012 3416 1218 3470 Λέοντα
1264 3421 1361 3473 καὶ
1413 3421 1836 3488 Κωνσταντίνον,

273 3503 594 3574 βουλόμενος
618 3505 779 3573 ζῆσαι
806 3507 900 3576 ἐτη
938 3509 1126 3563 πολλά.
1164 3509 1416 3580 Ejusdem
1471 3511 1526 3565 in
1580 3510 1841 3568 Michaele

269 3591 559 3665 Theophili
592 3596 655 3652 F.
690 3618 703 3654 :
758 3599 907 3653 Θέλω
951 3600 1230 3655 Βασίλειον
1279 3601 1383 3656 ὑπὸ
1422 3602 1639 3657 πάντων
1668 3603 1839 3675 εὐφη-

271 3688 494 3755 μεῖσθαι
524 3691 596 3755 ὥς
625 3692 866 3761 βασιλέα.
898 3696 1066 3749 Anna:
1095 3694 1384 3752 Comneme
1432 3698 1500 3753 de
1531 3708 1685 3768 patre
1739 3701 1839 3753 im-

265 3791 519 3849 peratore
558 3788 865 3841 renuntiato
892 3788 1166 3857 loquentis
1196 3806 1209 3842 :
1240 3788 1355 3841 Νῦν
1397 3788 1649 3859 βασιλεὺς
1703 3790 1835 3844 ἀνα-

263 3873 556 3945 γορεύεται
588 3892 603 3908 σ
654 3877 779 3939 τοὺς
828 3876 1159 3946 ὁπλοφόρους
1192 3879 1380 3947 ὁρᾶτε,
1428 3879 1527 3948 τῆς
1561 3880 1837 3950 εὐφημίας

262 3970 514 4023 ἀκούετε.
568 3968 635 4021 Et
684 3969 829 4023 infra
866 3987 880 4021 ι
930 3970 1042 4037 Τὴν
1085 3970 1357 4040 εὐφημίαν
1391 3971 1649 4041 λαμπρὰν
1672 3973 1834 4025 ἀκού-

262 4072 442 4121 οντες,
466 4066 521 4111 et
543 4057 645 4111 alia
676 4073 799 4127 quae
822 4059 1021 4113 subdit.
1051 4058 1275 4113 Zonarae
1312 4061 1379 4115 de
1422 4060 1630 4117 Joanne
1658 4064 1832 4118 Alexii

263 4147 377 4201 lilio
406 4165 421 4199 :
451 4136 670 4201 Στέλλει
691 4148 826 4217 πρὸς
874 4148 973 4219 τὴν
1002 4149 1298 4219 ἐκκλησίαν
1350 4153 1604 4207 τεθνάναι
1661 4155 1833 4220 λέγων

260 4243 353 4295 τὸν
381 4241 758 4311 αὐτοκράτορα
787 4241 879 4291 καὶ
902 4240 1081 4307 ζητῶν
1121 4242 1282 4304 αὐτὸς
1328 4244 1728 4316 εὐφημισθῆναι
1758 4247 1833 4311 ὡς

259 4329 640 4399 αὐτοκράτωρ.
676 4327 873 4381 Nicetc
919 4328 986 4382 de
1021 4326 1264 4384 Manuele
1311 4329 1538 4387 Joannis
1576 4333 1639 4388 F.
1696 4336 1830 4390 scri-

260 4423 441 4477 bentis
470 4438 485 4473 :
515 4421 783 4482 Ἕκαστος
811 4420 922 4489 τῶν
953 4422 1291 4490 μεγιστάνων
1336 4425 1475 4492 μετά
1497 4428 1597 4494 τῆς
1623 4428 1831 4494 οἰκείας

1944 3262 2169 3327 nuntur,
2222 3281 2355 3318 unus
2395 3283 2427 3318 a
2472 3266 2725 3330 sinistris,
2780 3284 2881 3337 quo
2923 3269 2983 3335 ﬁt
3030 3285 3273 3325 ascensus
3329 3287 3506 3325 versus

1942 3358 2226 3421 orientem,
2264 3356 2398 3410 alter
2428 3374 2459 3409 a
2494 3358 2692 3412 dextris
2731 3360 3048 3414 occidentem
3082 3371 3348 3431 spectans,
3404 3382 3504 3436 quo

1941 3447 2001 3516 ﬁt
2024 3450 2321 3502 descensus.
2355 3448 2555 3503 Gens.
2618 3516 2621 3517 ν

2008 3560 2150 3615 Ibid.
2189 3561 2289 3635 [De
2317 3562 2545 3619 amboue
2574 3564 2898 3633 quaedamin
2935 3564 3333 3635 Euchologicis,
3351 3570 3503 3639 plura

1939 3651 2288 3707 doctissimus
2331 3653 2563 3708 Allatius
2603 3655 2669 3708 de
2736 3653 3044 3710 Graecorum
3095 3661 3328 3727 templis.
3384 3662 3503 3727 Qua

1939 3749 2077 3802 mole
2106 3748 2187 3801 vel
2213 3746 2380 3816 llgura
2410 3746 2571 3801 fuerit
2598 3756 2904 3803 exstructus
2965 3749 3021 3804 S.
3070 3749 3303 3819 Sopbiie,
3364 3768 3501 3806 ano-

1938 3854 2095 3910 nyma
2121 3840 2411 3908 descriptio
2438 3841 2491 3894 in
2512 3841 2695 3908 Regiis
2716 3825 2852 3895 ‘mss.
2882 3842 3163 3909 edisserit;
3190 3860 3351 3914 quam
3374 3861 3501 3914 pre-

1936 3930 2071 3985 tiosa
2102 3932 2319 3985 materia
2362 3940 2416 3986 et
2453 3932 2701 3999 qualibus
2738 3936 2989 4003 expensis
3031 3936 3321 4003 perlectus,
3379 3936 3501 3991 Ori-

1935 4022 2086 4091 gines
2107 4021 2215 4077 GP.
2238 4025 2423 4093 paucis
2458 4027 2920 4093 comprehendunt
2953 4045 2967 4081 :
2996 4028 3284 4098 Ἐποίησεν
3313 4032 3339 4083 ό
3369 4030 3499 4083 Ἰου-

1935 4117 2199 4179 στινιανὺς
2232 4116 2321 4168 τὸν
2348 4116 2574 4185 ἀμϐωνα
2604 4118 2698 4169 καὶ
2730 4118 2821 4169 τὸν
2856 4118 3059 4171 σωλέαν
3110 4121 3307 4189 χρυσᾶ,
3365 4138 3501 4188 supr

1932 4209 2157 4278 δόνυχας
2197 4210 2289 4263 καὶ
2322 4209 2656 4278 σαπφείρους
2708 4210 2885 4272 λίθους
2925 4212 3012 4263 διὰ
3057 4214 3353 4282 μαργάρων
3402 4219 3498 4268 καὶ

1932 4300 2157 4370 χρυσίου
2186 4301 2475 4369 χυμευτοῦ.
2509 4300 2577 4353 Et
2603 4300 2829 4355 inferius
2864 4318 2875 4352 :
2906 4302 2998 4364 Είς
3022 4303 3111 4354 τὸν
3142 4304 3370 4372 ἀμϐωνα
3403 4308 3496 4358 καὶ

1930 4393 2020 4445 τὸν
2049 4393 2250 4445 σωλὲαν
2278 4394 2490 4460 ἐγένετο
2548 4392 2727 4457 ἔξοδος
2775 4394 2965 4463 χρόνου
3011 4394 3215 4446 πάκτου
3264 4396 3363 4463 τῆς
3404 4398 3494 4448 Αί-

256 4514 466 4578 τάξεως
516 4481 815 4583 an“?
850 4481 1202 4582 ιφιᾶτέμωος
1246 4481 1350 4568 καὶ·
1389 4481 1689 4588 δωρῶὦν
1727 4481 1827 4592 τῆς
1852 4504 1903 4566 D
1934 4481 2142 4592 γύπτου
2164 4486 2485 4592 κεντηνάρια
2502 4483 3071 4592 τριακόσιαξέξήκρντα
3094 4487 3271 4592 nives,
3311 4487 3494 4592 111050;;

257 4602 538 4671 εὐφημίαν
564 4602 644 4670 τῷ
666 4604 771 4672 νέῳ
792 4603 1003 4659 ἄνακτι.
1029 4604 1284 4674 Ejusdem
1310 4607 1540 4676 denique
1568 4610 1622 4662 in
1646 4609 1828 4665 Alexio

256 4692 527 4749 Iauuelis
564 4691 672 4749 F.:
706 4694 927 4764 ’Δμέλιι
958 4699 1051 4748 καὶ
1086 4698 1182 4766 τῆς
1209 4698 1483 4768 εὐφημίας
1520 4702 1827 4771 κατάρχον.

252 4803 367 4851 ται,
396 4789 489 4841 καὶ
512 4787 709 4841 οὑτωσὶ
732 4787 1032 4841 διατιθέασι
1062 4788 1159 4857 τὴν
1208 4790 1529 4860 ἀνάρρησιν,
1587 4791 1825 4858 ’Δλεξίου

252 4882 350 4934 καὶ
379 4879 719 4948 ’Δνδρονίκου
769 4879 1020 4947 μεγάλων
1082 4878 1345 4947 βασιλέων
1374 4881 1469 4933 καὶ
1495 4881 1825 4951 αὐτοκρατόο

252 4987 365 5041 ρων
406 4968 695 5039 Ῥωμαίων
719 4968 827 5021 τῶν
869 4969 1169 5039 Κομνηνῶν
1218 4970 1387 5024 πολλὰ
1413 4974 1482 5024 τὰ
1532 4973 1648 5042 ἔτη.
1680 4975 1822 5027 Πλα-

244 5064 370 5118 τὲσῑ
424 5059 517 5114 καὶ
569 5060 865 5130 ἀνεῳγόσιν
908 5060 1124 5129 ᾄδοντες
1177 5062 1427 5131 στόμασι,
1473 5064 1564 5115 καὶ
1625 5065 1821 5132 μικροῦ

244 5153 707 5224 διαρρηγνύμενοι
737 5153 857 5214 ταῖς
887 5154 1111 5218 φωναῖς.

324 5243 473 5298 Ibid.
499 5241 780 5313 [Σάκκσν.
800 5241 1506 5310 δυρειίιιεειροειιίωυερο.
1527 5245 1561 5299 ’5
1580 5246 1645 5300 ad
1662 5247 1818 5313 ρ.15.

324 5333 472 5390 Ibid.
514 5330 880 5405 [Ἇγαϐἁθρα.
912 5330 1233 5387 Tabulatum
1255 5332 1520 5401 ejusmodi
1551 5337 1819 5393 excelsius

246 5426 571 5493 ἀποϐάθραν
596 5424 892 5494 appellasse
909 5423 1211 5478 Cedrenum
1234 5427 1422 5479 miror.
1449 5425 1591 5483 Loca
1619 5439 1747 5483 sunt
1764 5433 1817 5483 in

248 5517 501 5572 Romam
525 5515 827 5585 Lecapeuo.
845 5515 904 5569 '0
944 5514 1220 5583 Ῥωμανὸς
1251 5517 1649 5571 κατεσκεύασεν
1672 5520 1727 5572 ὲν
1748 5524 1813 5591 τῇ

246 5610 498 5679 θαλάσσῃ
523 5609 873 5679 ὀχυρωτάτην
908 5607 1192 5669 ἀπόϐασιν,
1221 5607 1358 5660 ὥστε
1406 5612 1505 5679 τὴν
1533 5609 1814 5682 βασιλικὴν

244 5702 446 5770 τριήρη
470 5699 861 5752 διεκπλέουσαν
891 5699 949 5751 ιν
976 5682 1111 5768 αὐτῇ
1148 5700 1628 5768 προσορμίζεσθαι,
1662 5720 1813 5773 περι-

247 5792 462 5863 φράξας
512 5790 680 5861 αὐτὴν
734 5788 998 5845 πάντοθεν
1052 5790 1471 5859 διατειχίσμασι.
1527 5792 1707 5847 Μέσον
1754 5795 1811 5848 δὲ

1933 4572 2285 4643 ἐτυπώθησαν
2329 4576 2476 4645 παρὰ
2510 4573 2601 4627 τοῦ
2656 4576 2889 4644 μεγάλου
2941 4576 3366 4631 Κωνσταντίνου.
3423 4577 3492 4633 Ut

1930 4681 2030 4720 vox
2085 4666 2286 4717 πάκτον
2332 4682 2438 4719 non
2495 4676 2708 4733 pactum
2742 4666 2918 4730 modo,
2952 4669 3043 4720 sed
3075 4677 3125 4721 et
3149 4668 3401 4722 tributum
3428 4686 3490 4722 ex

1928 4766 2082 4825 pacto
2109 4758 2421 4811 solvendum
2446 4767 2606 4827 atque
2636 4775 2851 4826 pensum
2881 4774 3041 4813 omne
3064 4760 3368 4827 ’signilicet,
3395 4777 3489 4816 no-

1931 4850 1997 4901 tis
2063 4851 2115 4901 in
2162 4849 2465 4903 Gedrenum
2526 4851 2917 4919 posterioribus
2973 4852 3486 4908 demonstravimus.

1999 4960 2055 5014 P.
2082 4961 2170 5017 90.
2197 4962 2336 5033 [Τὰς
2362 4961 2459 5014 ἐπὶ
2485 4966 2716 5029 κρίσεις
2764 4963 3075 5025 ,ϐασιλέων
3102 4967 3484 5035 συντεθειμέ-

1923 5070 2035 5119 rat;
2086 5056 2293 5122 εὐχάς.
2332 5053 2615 5109 OratiOnes
2661 5056 2780 5109 illas
2811 5069 2876 5107 ex
2921 5070 3057 5112 mss.
3105 5057 3483 5124 patriarclticis

1923 5144 2268 5214 Eucholngiis
2300 5144 2637 5199 Bessarionis
2694 5156 2749 5200 et
2804 5146 3029 5201 alterius
3074 5146 3248 5202 Patris
3286 5149 3481 5214 Graeci,

1920 5236 2133 5290 concilii
2166 5236 2459 5290 Florentlni
2496 5237 2811 5301 assessoris,
2840 5247 3024 5293 erutas
3074 5240 3141 5293 ad
3189 5254 3479 5297 commune

1920 5324 2305 5397 Eucbologium
2335 5328 2653 5396 adjecitnns,
2685 5337 2739 5382 et
2769 5329 2870 5382 hoc
2899 5344 3039 5382 anno
3086 5331 3301 5399 publico
3331 5333 3477 5387 dedi-

1918 5435 2063 5473 mus.

1987 5530 2127 5585 Ibid.
2156 5532 2361 5604 [Χρίει.
2393 5531 2692 5589 Coronatos
2724 5535 2938 5603 saepius,
2977 5544 3167 5590 unctos
3202 5552 3476 5606 nunquam
3520 5533 3530 5543 ’

1916 5622 2144 5689 legimus
2174 5624 2429 5691 antiquos
2462 5624 2766 5677 Graecorum
2793 5626 3167 5691 imperatores.
3225 5626 3475 5681 Catulum

1917 5713 2134 5765 nomine
2158 5714 2436 5782 gestisque
2461 5730 2716 5783 maguum
2750 5730 2779 5767 a
2821 5713 3000 5769 Leone
3030 5715 3271 5769 Romano
3304 5724 3473 5785 ponti-

1916 5802 2014 5857 ﬁce
2038 5804 2271 5871 primum
2294 5805 2456 5859 refert
2475 5815 2698 5860 unctum
2728 5804 3025 5871 Cedrenus,
3071 5822 3100 5859 e
3131 5809 3243 5862 suis
3275 5806 3471 5866 Graecis
