4224 6450
265 405 366 473 ιοι
1358 422 1656 485 GRETSE
1666 424 1745 486 R1
1783 425 1880 486 ET
1919 428 1933 486 ί

1843 427 1880 486 Γ
1919 425 2161 489 GOABI
2205 425 2446 491 NOTAE.
3401 424 3511 490 402

257 520 401 574 idem
432 517 747 579 Ilichaelem
767 522 1156 596 Curepolatam
1177 527 1467 602 Nicephori
1490 550 1750 603 generum
1774 538 1832 590 tv
1860 547 1907 601 Α

1860 547 1907 601 Α
1941 554 2015 607 μα
2068 539 2161 592 καί⁵
2224 536 2484 607 διάδημα.
2518 537 2595 597 ὡς
2643 534 2899 604 ἔφασκεν,
2955 535 3253 605 αὐτόνομος
3300 525 3376 590 ὧν
3411 542 3508 594 καὶ

254 608 334 681 τῷ
370 612 585 683 ἅμσωνι
611 616 724 686 τῆς.
745 618 997 690 μεγάλης
1020 622 1315 694 ἐκκλησίας
1369 626 1477 681 ὑπὸ
1509 628 1847 701 Νικηφόρου.
1925 632 2128 702 ,μηδενὶ
2150 630 2378 693 εὐθύνας
2399 630 2629 699 ὀφείλων
2669 628 2894 694 διδόναι,
2923 630 3136 684 mihi
3176 629 3334 685 τοῦτο
3359 632 3506 703 ἔχειν

255 704 598 795 πατριάρχου
635 709 953 781 στεφθῆναι.
1001 713 1234 771 Michael
1295 717 1597 787 imperator
1654 721 1831 779 factus

1934 723 2434 795 ἐξουσίαν-βασιλέα
2456 724 2690 793 στέφειν.
2722 723 2851 780 Haec
2876 725 3175 794 logotheta.
3232 725 3505 782 Cantacu-

253 793 332 890 τιῖι
392 796 598 868 πρώτῳ
652 799 763 855 ἔτει
819 802 919 872 τῆς
953 803 1232 874 βασιλείας
1262 808 1427 862 αὐτοῦ
1459 809 1682 881 ἔστεψεν
1740 811 1830 864 τὸν

1934 833 2102 874 zenus
2149 793 2220 875 de
2258 834 2319 873 se
2352 827 2558 883 narrat,
2610 834 2694 881 ιιι,
2754 818 2847 883 27,
2900 793 3127 874 absente
3191 820 3503 890 patriarcha

253 886 372 943 υεδν
396 890 561 946 αὑτοῦ
594 892 994 963 (hosﬁum.
1021 898 1097 954 ait
1123 900 1219 971 qui
1252 909 1473 972 putatur
1493 901 1605 959 Leo
1637 903 1829 960 Gram-
1934 908 2364 976 Thessalonicze,
2388 910 2476 964 ubi
2498 909 3108 980 sumebatimperatorts
3130 886 3381 980 insignia,
3412 910 3536 964 sbv-

251 983 574 1076 maticusin
606 985 791 1059 Regiis
832 1005 966 1046 mss.
1003 992 1107 1059 Qui
1141 993 1342 1052 deinde
1376 997 1431 1053 in
1474 997 1594 1053 aliis
1643 1007 1827 1054 certus

1933 1002 2211 1073 βασιλικὸν
2235 1004 2408 1070 πῖλον,
2436 1003 2542 1075 πρὸ
2574 1000 2674 1073 τῆς
2712 1003 2983 1075 άχράντου
3014 1005 3111 1058 καὶ
3155 1004 3500 1076 Θεομήτορος

248 1084 353 1137 est,
388 1074 744 1168 d‘e-Armenio
760 1080 946 1139 Leone
970 1085 1168 1141 scribit
1188 1088 1388 1165 μίμων
1423 1090 1453 1143 ὁ
1487 1089 1829 1159 ’ἠρμένιοςνό

1930 1095 2029 1163 τῆς
2048 1095 2257 1157 είκόνος
2299 1074 2552 1162 κείμενον
2609 1093 2697 1148 ἐπ’
2725 1095 2983 1165 ὶδάφους,
3041 1074 3361 1168 αὐτοχειρία
3408 1095 3500 1150 λα-

250 1164 576 1258 παραϐάτης
607 1167 951 1228 ἐσασίλευσεν
970 1174 1065 1247 ιτη
1096 1164 1262 1245 ἑπτὰ,
1285 1180 1467 1256 μῆνας
1493 1182 1654 1235 πέντε
1698 1190 1819 1235 στε-
1931 1186 2093 1241 δόντα
2123 1186 2286 1241 αὐτὸν
2319 1180 2583 1241 ἐπιθεῖναι
2604 1189 2670 1257 τῇ
2688 1164 2929 1257 ῗιεφαλῇ.
2962 1186 3171 1258 Gosn.]

251 1253 410 1355 90st;
442 1258 546 1355 ὑπὸ
579 1259 897 1336 Νικηφόρου
945 1270 1303 1341 πατριάρχου.
1358 1253 1587 1329 Michael
1627 1273 1828 1331 Balbus

1999 1280 2061 1335 P.
2091 1282 2183 1337 9|.
2208 1280 2403 1337 Junius
2435 1280 2601 1336 etiam
2639 1253 2954 1336 emkslavﬂet
3001 1253 3200 1334 συλέαν
3255 1270 3503 1344 adducit,

249 1347 435 1444 occiso
479 1349 659 1444 Leone
686 1356 827 1424 πρὸς
862 1358 953 1413 τὸν
1012 1361 1187 1431 μέγαν
1234 1365 1335 1435 τῆς
1382 1364 1572 1433 ’Δγίας
1627 1368 1829 1438 Σοφίας

1928 1372 2116 1428 nescio
2149 1387 2281 1427 num
2314 1385 2381 1427 ex
2434 1388 2571 1429 mss.
2626 1372 2952 1439 codicibus;
2992 1354 3049 1428 et
3106 1366 3503 1444 interpretatur

249 1439 377 1539 ναὸν
412 1443 805 1517 προελήλυθεν,
845 1448 1026 1522 inquit
1056 1452 1359 1521 Cedrenus,
1416 1460 1564 1528 χειρὶ
1591 1461 1684 1514 τοῦ
1721 1478 1828 1516 πα-

1925 1465 2149 1519 solrum.
2176 1463 2395 1519 [tectius
2418 1465 2637 1531 soleam,
2668 1479 2793 1520 cum
2822 1474 3012 1521 rectus
3062 1465 3134 1520 sit
3181 1466 3229 1539 ὁ,
3256 1439 3502 1530 ’σωλέας.

226 1532 511 1603 τριάρχου
550 1539 850 1611 πεφθῆναι
884 1543 1228 1616 βουλόμενος.
1258 1545 1366 1602 Ἦν
1415 1550 1471 1603 δὲ
1518 1551 1667 1621 αὐτῷ
1696 1555 1827 1616 παις
1882 1566 1891 1575 ‘

1882 1566 1891 1575 ‘
1930 1556 2115 1623 primae
2147 1556 2552 1622 declinationis,
2582 1556 2697 1612 sive
2741 1570 2771 1611 a
2800 1555 2914 1612 sole
2954 1556 3059 1610 hoc
3092 1536 3291 1611 nomen
3351 1557 3512 1612 deris

247 1624 309 1718 εξ
361 1626 739 1703 Εὖφροσύνης.
814 1641 1051 1693 testatur
1094 1637 1544 1711 Grammaticus,
1601 1646 1825 1715 ὀνόματι

1930 1655 2108 1700 vatum
2147 1646 2218 1702 sit
2240 1647 2378 1712 (erat
2402 1647 2547 1703 enim
2580 1646 2735 1702 locus
2766 1648 2860 1718 qui
2903 1646 3189 1703 dicebatur
3224 1648 3396 1702 soleas
3432 1649 3499 1703 ad

246 1716 528 1810 βεόφιλος,
566 1722 626 1778 δν
654 1726 748 1779 καὶ
777 1726 1001 1799 ἔστεψεν
1045 1733 1102 1784 ὲν
1138 1735 1206 1803 τῇ
1271 1735 1484 1807 μεγάλῃ
1535 1737 1821 1808 ὶκκλησίᾳ.

1927 1738 2191 1793 orientem
2220 1738 2412 1805 solem,
2435 1740 2726 1809 contiguus
2759 1716 2965 1810 βήματι
2999 1754 3095 1795 seu
3127 1739 3500 1804 tabernaculo,

245 1809 482 1869 Michael
539 1815 688 1874 illius
742 1820 934 1891 (cuius
977 1839 1144 1882 manu
1178 1826 1348 1883 fuerit
1378 1828 1495 1897 ipse
1522 1840 1822 1886 coronatus
1929 1839 1988 1885 ut
2044 1830 2216 1901 liquet
2278 1845 2343 1886 ex
2409 1831 2739 1897 Curopalata
2780 1809 2829 1885 c.
2890 1831 2978 1896 l7,
3044 1846 3100 1901 p.
3146 1831 3261 1886 94:
3321 1828 3501 1893 Μόνος

246 1903 492 1963 historia
523 1923 633 1965 non
670 1913 928 1986 produnt)
953 1915 1211 1974 Basilium
1265 1921 1637 1978 accubitorem
1685 1922 1821 1977 adeo
1850 1911 1896 1971 Β

1850 1911 1896 1971 Β
1922 1922 1977 1975 δὲ
2010 1922 2039 1974 ὁ
2068 1921 2321 1990 βασιλεὺς
2354 1921 2700 1992 διερχόμενος
2731 1921 2823 1974 τὸν
2851 1922 3061 1975 σωλέαν
3122 1921 3366 1989 εὑρίσκει
3407 1920 3502 1973 τὸν

244 1998 478 2057 solemni
504 2004 613 2059 ritu
656 2009 943 2064 coronavit
974 2010 1030 2066 in
1091 2011 1149 2066 Β.
1208 2011 1424 2085 Sophia:
1464 2016 1719 2080 ambone,
1760 2025 1819 2072 ut

1922 2013 2269 2083 πατριάρχην
2327 2013 2484 2084 361
2538 2013 2826 2082 ίστάμενον
2881 2014 2963 2073 είς
3012 2013 3081 2067 τὰ
3123 2013 3252 2081 ἆγια
3304 2009 3492 2081 θυρία.

243 2090 421 2148 mirus
445 2107 601 2164 aque
637 2110 701 2152 ac
733 2098 983 2157 insuetus
1004 2103 1256 2159 videatur
1283 2121 1297 2159 :
1335 2107 1403 2161 de
1446 2106 1541 2163 illo
1566 2108 1817 2162 nonnihil

1920 2105 2343 2161 Cantacuzenus
2387 2105 2606 2169 εΑὐτδς
2646 2105 2710 2173 δὴ
2750 2105 2907 2174 μόνος
2958 2106 3344 2176 εἰσερχόμενος
3406 2107 3499 2158 τὸν

242 2183 531 2250 superiore
556 2194 710 2241 nota.
739 2187 984 2247 Leonem
1013 2192 1079 2250 F.
1110 2196 1235 2251 data
1256 2211 1459 2253 corona
1508 2213 1614 2254 non
1642 2200 1819 2255 evexit

1922 2198 2127 2251 σωλέαν
2180 2197 2272 2251 τὸν
2317 2197 2669 2268 πατριάρχην
2722 2197 2813 2250 επὶ
2845 2198 2967 2261 ταῖς
3010 2197 3181 2269 ίεραίς
3219 2197 3496 2260 κιγκλίσιν

241 2272 308 2325 ad
365 2273 654 2337 imperium
708 2278 945 2340 Basilius
980 2302 995 2339 :
1046 2280 1124 2356 Τῇ
1159 2287 1215 2341 δὲ
1269 2290 1455 2364 ἡμέρᾳ
1480 2293 1579 2361 τῆς
1605 2294 1817 2363 llum]-

1920 2288 2186 2356 ἑστηκότα
2221 2288 2511 2358 εὑρίσκει),
2553 2289 2669 2343 sive
2693 2288 2816 2359 quis
2843 2289 3051 2341 σωλέαν
3073 2304 3099 2341 a
3124 2289 3236 2343 solo
3264 2304 3358 2344 seu
3401 2306 3497 2357 pa-

241 2364 448 2439 κοττῆς
478 2369 662 2436 στέφει
687 2373 841 2429 Λέων
865 2378 895 2431 ὀ
924 2376 1177 2446 βασιλεὺς
1200 2383 1292 2436 τὸν
1322 2384 1434 2438 υίδν
1463 2385 1629 2440 αὐτοῦ
1662 2386 1818 2440 Κων-

1917 2383 2143 2436 υἱηιεηιο
2173 2383 2357 2452 potius
2384 2382 2656 2437 deducere
2690 2382 2838 2448 velit,
2872 2382 3094 2437 nomine
3145 2381 3238 2443 τοῦ
3288 2383 3492 2435 σωλέου

241 2458 521 2513 σταντίνον
542 2459 610 2513 δι’
623 2464 896 2534 Εὑθυμίου
913 2471 1275 2543 πατριάρχου.
1294 2472 1564 2530 Coronam
1582 2475 1818 2532 Alexan-

1917 2490 1946 2529 a
1970 2476 2083 2530 solo
2104 2474 2171 2530 ad
2207 2483 2378 2531 totum
2408 2475 2558 2530 illum
2588 2476 2789 2538 locum,
2822 2490 2983 2545 quem
3012 2485 3121 2529 nos
3168 2475 3223 2527 in
3260 2506 3263 2507 ν
3288 2474 3493 2529 nostris

238 2546 473 2603 dricum
502 2563 693 2621 nepote
721 2556 1079 2618 Constantino
1114 2565 1231 2620 solo
1248 2580 1407 2623 anno.
1424 2569 1705 2637 regnantis
1737 2578 1818 2624 ta-
1919 2566 2136 2635 templis
2207 2566 2432 2622 chorum
2496 2580 2775 2632 vocamus,
2833 2566 3121 2632 translato,
3152 2566 3299 2636 quod
3357 2564 3493 2620 mihi

238 2648 365 2694 cent
386 2641 645 2701 historiae.
666 2646 1630 2727 RomanusLecapeuusConstantini
1653 2662 1815 2731 hujus
1918 2658 2100 2714 minus
2142 2658 2201 2713 ﬁt
2256 2657 2555 2727 probabile.
2597 2656 2727 2711 Erat
2755 2668 2935 2712 autem
2983 2657 3137 2713 locus
3165 2658 3267 2711 iste
3300 2665 3359 2710 ut
3386 2657 3498 2710 etb

238 2746 403 2787 socer
433 2734 512 2805 τῷ
570 2738 667 2807 τῆς
701 2741 982 2810 βασιλείας
1022 2751 1279 2818 στέφεται
1317 2752 1607 2824 διαδήματι
1664 2756 1815 2824 παρὰ

1916 2750 2126 2819 suam,
2193 2750 2408 2805 ceteris
2458 2750 2643 2819 templi
2696 2748 2943 2818 partibus
2996 2747 3157 2819 longe
3221 2748 3489 2804 ornatior.

238 2826 653 2888 Κωνσταντίνου
693 2834 958 2904 βασιλέως
989 2841 1085 2896 καὶ
1130 2844 1399 2900 Νικολάου
1449 2847 1811 2918 πατριάρχου.

1916 2841 2095 2907 Quare
2138 2841 2191 2895 in
2232 2837 2548 2909 Originibus
2600 2838 2902 2907 (ipolitanis
2934 2838 3169 2894 refertur
3210 2839 3423 2893 σωλέαν
3458 2854 3489 2894 a

238 2918 673 2993 Christophorus
688 2927 919 2987 Romani
946 2931 1009 2988 Ρ.
1057 2935 1312 3005 στέφεται
1351 2937 1502 3007 παρὰ
1529 2940 1817 2992 Κωνσταν-

1914 2931 2227 2987 Justiniano
2255 2933 2559 2997 conditum,
2605 2948 2725 2988 cum
2752 2948 2881 2989 essu
2933 2933 3107 2987 trulla
3133 2946 3227 2988 seu
3263 2932 3490 2988 fornicis

238 3013 391 3067 τίνου
424 3013 707 3085 βασιλέως.
733 3023 1014 3083 Romanus
1039 3029 1234 3085 iterum
1257 3029 1484 3101 ἔστεψεν
1508 3032 1634 3096 τοὺς
1667 3033 1812 3097 υίοὺς

1917 3025 2288 3079 comminutus
2334 3035 2499 3087 esset,
2530 3041 2639 3079 non
2668 3026 2911 3096 potuisse
2939 3040 2968 3080 a
3018 3025 3235 3081 Justiuo
3262 3039 3488 3080 succes-

239 3104 411 3158 αὐτοῦ
443 3108 501 3161 ιν
523 3111 590 3181 τῇ
617 3113 711 3166 τοῦ
736 3114 878 3168 Θεοῦ
910 3118 1117 3190 μεγάλῃ
1141 3120 1425 3193 ικκλησίᾳ,
1455 3122 1725 3192 Στίφανόν
1753 3139 1812 3176 τε

1916 3130 2042 3171 sore
2071 3115 2365 3171 Iustiniani
2392 3116 2447 3170 in
2474 3116 2768 3186 pristinum
2796 3117 3141 3187 splendorem
3176 3126 3229 3171 et
3256 3117 3486 3171 nitorem

243 3198 341 3302 καὶ
364 3199 802 3302 Ιίωνσταντένον.
832 3206 1082 3266 Romano
1106 3213 1230 3267 tilio
1260 3214 1655 3272 Constantinus
1678 3215 1814 3271 Leo-
1841 3245 1883 3302 ο

1841 3245 1883 3302 C
1917 3208 2160 3263 restitui.
2182 3208 2286 3260 Τὸν
2302 3207 2358 3260 δὲ
2402 3207 2632 3302 dubius-cz
2662 3208 2868 3263 καὶτὸν
2890 3208 3097 3261 σωλέαν
3145 3210 3220 3277 μὴ
3257 3208 3491 3277 δυνάμε-

235 3291 326 3346 nis
363 3289 639 3362 Sapientis
667 3296 735 3352 F.
768 3301 1078 3373 περιτίθησι
1107 3304 1359 3376 διάδημα,
1415 3307 1678 3376 scriptore
1709 3306 1811 3363 Ce-
1844 3289 1883 3302 ν

1844 3289 1883 3302 “’
1917 3314 2006 3360 νος
2058 3297 2282 3367 ποιῆσαι
2322 3297 2531 3361 ’καθὼς
2576 3293 2713 3370 ἦσαν
2759 3300 3044 3369 πρότερον,
3096 3298 3371 3367 ιποίησεν,
3413 3298 3489 3361 ὡς

234 3380 433 3443 dreno,
502 3384 817 3451 τελέσαντος
843 3389 908 3457 δὴ
954 3393 1052 3454 τὰς
1100 3394 1263 3464 εὐχὰς
1304 3394 1687 3465 Θεοφυλάκτου
1712 3397 1808 3451 τοῦ

1917 3390 2110 3457 ὁρᾶται
2141 3387 2259 3455 νῦν,
2293 3390 2712 3459 άργυρένδυτον.
2768 3388 3008 3445 Meursio
3046 3390 3217 3443 soleas
3270 3397 3354 3444 est
3403 3405 3489 3461 so-

234 3473 602 3547 πατριάρχου.
629 3477 912 3540 Romauus
946 3486 1131 3555 στέφει
1163 3488 1255 3540 τὸν
1297 3490 1413 3543 υίὸν
1444 3489 1610 3543 αὐτοῦ
1645 3490 1809 3542 Βασί-

1918 3482 2047 3536 lium
2108 3496 2206 3537 seu
2264 3483 2499 3536 thronus.
2571 3481 2675 3537 Sed
2728 3483 2934 3553 aliquid
2986 3482 3133 3537 aliud
3162 3482 3332 3537 fuisse
3353 3483 3488 3536 satis

234 3562 386 3617 λειον
418 3565 646 3635 βασιλέα
671 3570 761 3623 διὰ
779 3574 977 3643 χειρῶν
1009 3576 1344 3632 Πολυεύκτου
1381 3579 1474 3632 τοῦ
1541 3581 1808 3650 πατριάρ-

1916 3582 2099 3644 aperte
2128 3573 2330 3629 indicat
2359 3574 2681 3643 Curopalata
2715 3590 2728 3626 :
2780 3589 2907 3628 nam
2933 3572 3237 3645 διέρχεσθαι
3284 3582 3339 3627 et
3377 3573 3488 3625 εισ-

234 3671 356 3722 you.
388 3654 490 3712 Hic
546 3656 875 3731 Polyeuctus
912 3663 1273 3735 Nicephorum
1332 3670 1674 3726 iuvadeutem
1730 3680 1807 3741 ty-

1916 3665 2175 3736 ἐρχεσθαι
2232 3670 2314 3730 είς
2342 3668 2432 3720 τὸν
2457 3668 2685 3733 σωλέαν,
2717 3681 2825 3736 qua
2864 3668 3047 3736 pltrasi
3091 3668 3267 3723 utitur
3291 3667 3490 3722 Canta-

233 3748 523 3833 rannidem
548 3752 732 3821 στέφει
762 3758 819 3808 ιν
847 3755 924 3825 τῷ
954 3758 1167 3826 ἄμϐωνι
1201 3762 1299 3830 τῆς
1340 3761 1584 3831 μεγάλης
1612 3764 1807 3832 ικκλη-

1916 3773 2178 3824 cuzenus,
2212 3759 2356 3813 aliud
2396 3759 2655 3826 quiddam
2713 3761 2951 3814 innuunt
3008 3774 3170 3829 quam
3230 3760 3483 3815 thronum

237 3839 379 3903 σίας.
408 3840 697 3914 ﬂuensque
716 3863 875 3918 aqua
902 3850 1073 3906 labori
1103 3866 1234 3907 cura
1272 3856 1338 3908 de
1388 3855 1808 3923 imperatoribus
1916 3865 2012 3905 seu
2048 3852 2265 3905 solium.
2310 3850 2515 3906 Gssrs.

232 3932 319 3985 vel
348 3935 679 4002 patriarchis
718 3939 773 3993 in
798 3956 967 3996 unum
1004 3944 1313 4013 conjuncta,
1362 3946 1445 4001 vel
1481 3948 1803 4017 separatim,

1988 3940 2134 3995 Ibid.
2171 3941 2414 4013 [Σωλέας
2444 3944 2647 4012 gradus
2685 3943 2767 3996 vel
2799 3943 2951 3998 locus
2987 3942 3280 4008 excelsior,
3317 3946 3477 4014 quasi

235 4037 403 4094 opera
450 4028 626 4096 posita
657 4028 958 4092 {aliorum
1023 4037 1328 4106 principum
1374 4039 1548 4107 capita
1590 4041 1806 4094 coronis
1915 4030 2106 4084 solium
2136 4031 2337 4091 dictus.
2380 4029 2447 4084 ad
2478 4046 2664 4085 sacras
2686 4031 2935 4101 βήματος
2970 4029 3120 4084 fores
3152 4032 3393 4098 ponitur,
3418 4046 3483 4086 ex

233 4117 512 4187 impositis
542 4122 891 4178 ornantibus.
920 4123 1161 4182 Ceteros
1188 4131 1509 4184 recensondi
1559 4131 1803 4186 animum
1912 4137 2025 4192 quo
2055 4121 2309 4176 Christus
2337 4136 2436 4191 pro
2465 4120 2780 4176 Christiana
2815 4120 3207 4175 communione
3232 4121 3284 4175 in
3314 4137 3483 4191 popu-

230 4209 337 4279 ipsi
365 4210 634 4281 historici,
653 4215 725 4271 ob
752 4217 1136 4274 eoronstiones
1158 4221 1549 4277 nonnullorum
1571 4237 1805 4293 sequen-

1915 4216 2026 4270 lum
2071 4212 2437 4269 distribuitur.
2487 4212 2658 4268 Fores
2715 4213 2957 4282 βήματος
3001 4197 3371 4278 εαιπεέιιιιι,
3421 4222 3482 4268 ut

234 4304 394 4367 tium,
442 4302 672 4363 Joannis
726 4306 1011 4377 Zemiscis,
1038 4311 1381 4368 Constantini
1432 4315 1805 4387 Porphyroge.

1914 4318 2195 4361 sacrorum
2248 4304 2542 4367 donorum,
2620 4302 2901 4373 Evangelii
2952 4319 3019 4359 ac
3066 4305 3239 4374 ipsius
3277 4296 3481 4359 Christi

231 4391 356 4457 niti,
383 4391 852 4468 RomaniArgyri,
887 4401 1175 4471 utriusque
1236 4403 1520 4459 Michaelis
1571 4404 1806 4476 Paphla-
1913 4398 2017 4452 sub
2067 4405 2415 4452 sacramento
2475 4395 2707 4449 transitu
2766 4406 3133 4461 consecratae;
3200 4394 3481 4464 βασιλικαί

230 4484 396 4553 sonis
424 4496 479 4539 et
500 4485 831 4558 Calapbatte,
865 4498 993 4558 etc.,
1025 4493 1094 4547 ab
1141 4493 1276 4563 ipsis
1329 4496 1547 4552 silentio
1582 4508 1803 4568 praeter-
1912 4502 2308 4555 nonnunquam
2345 4486 2608 4541 dicuntur
2656 4486 2801 4554 quod
2834 4486 3060 4572 9hristo
3089 4488 3202 4557 regi
3244 4487 3354 4540 ἀπὸ
3383 4487 3477 4539 τοῦ

228 4574 455 4638 missas,
488 4576 827 4657 ademerunt.
1044 4642 1051 4647 _
1795 4651 1811 4661 .
1840 4608 1883 4661 υ

1805 4651 1811 4661 ἱ
1840 4608 1883 4661 ο
1911 4581 2069 4648 άγίου
2106 4580 2350 4650 βήματος
2392 4594 2419 4632 ε
2448 4594 2601 4631 sacro
2633 4578 2889 4630 tribunali
2920 4580 3005 4640 είς
3027 4578 3120 4630 τὸν
3167 4578 3378 4630 σωλιαν
3409 4574 3473 4630 ad

305 4663 368 4727 Ρς
390 4665 481 4722 90-
520 4656 764 4739 [Ἄξιος.
789 4673 926 4739 Quia
962 4675 1114 4743 prius
1148 4675 1302 4746 ἅγιος
1324 4678 1699 4734 denuntiatus.
1795 4651 1811 4666 ⁸
1843 4651 1878 4661 ν
1910 4672 1973 4726 ali

1843 4651 1878 4661 ν
1910 4670 2055 4726 aliud
2106 4669 2299 4723 solium
2351 4667 2531 4722 delato
2582 4667 2725 4721 viam
2784 4666 3107 4729 concedant.
3164 4666 3207 4719 E
3256 4666 3480 4736 regione

304 4759 447 4814 Ibid.
468 4759 698 4833 [Μόνος
731 4766 765 4819 ὁ
792 4767 1183 4837 πατριάρχης.
1222 4770 1369 4827 Adeo
1410 4772 1557 4828 solus
1580 4770 1810 4843 impera-
1910 4777 1968 4818 εδ

1910 4772 1994 4818 est
2025 4762 2207 4825 ambo,
2245 4760 2309 4815 ad
2342 4775 2502 4831 quem
2554 4759 2818 4850 gradibus
2854 4768 2969 4814 tum
3008 4773 3072 4813 ex
3104 4759 3334 4813 orientis
3366 4768 3478 4813 tum

231 4860 382 4908 tores
423 4864 655 4910 coronat
696 4858 1028 4926 patriarcha,
1068 4870 1130 4915 ut
1173 4862 1241 4917 ab
1282 4865 1540 4933 episcopo
1598 4864 1729 4934 λιτῷ
1756 4872 1812 4918 et
1909 4872 1973 4911 ex
2009 4855 2314 4911 occidentis
2363 4862 2515 4922 parte
2559 4854 2723 4907 datur
2771 4866 3035 4907 ascensus
3079 4852 3282 4922 duplex
3332 4868 3345 4903 :
3392 4852 3480 4906 hic

228 4945 468 5017 simplici
520 4949 729 5005 nollent
782 4950 857 5005 illi
912 4965 1167 5008 coronam
1244 4956 1510 5023 accipere.
1586 4952 1810 5011 Videbis

1808 4991 1810 5003 .
1911 4948 2072 5017 ἁγίας
2107 4947 2301 5017 θύρας,
2336 4947 2476 5003 alius
2507 4946 2718 5016 ὡραίας
2748 4944 2944 5008 πύλας.
2978 4946 3245 5014 speciosus
3269 4954 3476 5006 portas,

231 5039 459 5107 quidem
485 5039 787 5098 Ianueletn
812 5035 1147 5099 Comnenum
1179 5046 1297 5116 ejus
1328 5046 1461 5102 Vita:
1487 5048 1521 5102 1.
1555 5064 1595 5111 ι,
1642 5046 1806 5102 θῦσαι
1907 5054 2054 5098 retro
2085 5042 2378 5096 amboncm
2399 5041 2609 5110 positas
2642 5054 2704 5095 ac
2736 5039 2879 5095 inter
2906 5038 3236 5094 vestibulum
3268 5047 3322 5092 et
3350 5037 3480 5090 ναόν

230 5133 300 5183 τα
357 5131 797 5203 ἁνατορευτήρια
818 5134 941 5204 Θεῷ
988 5137 1079 5189 καὶ
1120 5138 1472 5210 ἑπιόατήρια.
1548 5140 1618 5195 At
1676 5140 1804 5209 quia

1910 5135 2088 5203 ipsum
2125 5134 2365 5204 positas,
2400 5133 2642 5202 respicit.
2695 5132 2769 5185 De
2808 5130 3069 5199 speciosis
3112 5130 3283 5199 portis
3316 5143 3479 5197 supc-

232 5228 514 5291 sceptrum
548 5224 852 5291 patriarcha
884 5224 1143 5281 defuncto
1172 5228 1456 5297 obtigerat,
1494 5229 1807 5297 σκέπτεται,
1910 5227 2045 5282 rius.
2098 5225 2173 5279 De
2222 5224 2307 5278 his
2342 5223 2559 5279 cunctis
2608 5221 3021 5278 eruditissimus
3055 5222 3284 5277 Allatius
3320 5222 3479 5278 lucu-

233 5314 313 5366 ait
338 5311 582 5387 Hicetas,
625 5320 753 5384 περὶ
785 5315 880 5369 τοῦ
931 5320 1308 5382 ταινιώσοντος
1338 5320 1502 5374 αὑτὸν
1549 5323 1642 5375 ἐπὶ
1701 5323 1807 5375 νεὼ

1912 5322 2085 5375 lentas
2117 5317 2536 5373 dissertationes
2582 5316 2751 5371 edidit
2781 5330 2795 5367 :
2829 5330 2930 5370 nos
2970 5329 3071 5385 pro
3106 5323 3272 5385 captu
3325 5331 3478 5385 quae—

232 5404 442 5473 Κυρίου
489 5405 566 5475 τῷ
597 5407 1039 5479 αὐτοκρατορικῷ
1071 5409 1476 5480 στεφανώματι.
1522 5412 1658 5468 Vide
1687 5428 1807 5482 quae

1244 5409 1476 5480 νώματι.
1522 5412 1658 5468 Vide
1687 5428 1807 5482 quae
1911 5415 2033 5469 dam
2072 5414 2125 5466 in
2156 5412 2535 5481 Euchologicis
2568 5410 2910 5464 tradidimus.

230 5496 483 5552 diﬂ‘usius
516 5498 582 5553 de
615 5509 865 5569 suscepta
915 5516 1117 5557 corona
1160 5503 1548 5572 adjunguntur.
1606 5504 1810 5561 Detulit

1805 5523 1810 5559 ι
1982 5504 2121 5559 Ibid.
2176 5489 2536 5575 [Στεφόῆναι
2576 5502 2674 5556 καί
2703 5502 2918 5570 αὑτήν.
2943 5502 3235 5574 Gregoras,
3270 5518 3366 5589 vit,
3402 5495 3473 5557 8Ξ

230 5593 337 5646 hoc
370 5592 693 5657 obsequium
721 5593 1004 5651 Theodore
1048 5596 1331 5653 Comneno
1383 5600 1646 5669 Bulgaria:
1713 5618 1806 5656 ar-

1915 5599 2227 5661 Βασιλικοίς
2281 5598 2636 5667 παρασήμοις
2695 5596 2745 5649 oi.
2811 5596 3097 5666 Ῥωμαίων
3128 5596 3320 5665 θεσμοὶ
3376 5596 3478 5658 τὰς

230 5684 640 5752 cbiepiscopus.
674 5700 862 5740 verum
896 5702 995 5742 ccu
1040 5690 1403 5756 patrial-chain
1439 5706 1497 5747 se
1534 5708 1726 5761 gerens
1760 5703 1812 5747 ct

1083 5690 1403 5748 atriardtatn
1439 5706 1497 5747 se
1534 5708 1726 5761 gerens
1760 5703 1812 5747 ct
1912 5691 2190 5763 βασιλίδας
2235 5692 2466 5761 ᾕρηνται
2501 5691 2751 5758 κοσμεῖν.

232 5777 372 5831 nulli
410 5777 734 5846 patriarchze
757 5779 1068 5835 inferiorem
1097 5796 1156 5835 se
1176 5782 1388 5851 iactans
1420 5801 1434 5840 :
1479 5785 1537 5837 '0
1571 5784 1625 5837 δὲ
1648 5784 1808 5838 Βουλ-
1985 5783 2126 5838 Ibid.
2163 5782 2389 5854 [Bdt‘tm
2423 5780 2529 5836 Nec
2562 5796 2773 5835 ramum
2806 5798 2903 5837 nec
2934 5784 3165 5853 palmam
3196 5780 3360 5836 refert
3389 5780 3479 5836 hic

230 5870 429 5943 γαρίας
456 5872 883 5943 ἀρχιεπίσκοπος
905 5873 962 5927 τὸ
994 5875 1269 5943 βασιλικὸν
1315 5878 1625 5949 περιτίθησι
1680 5878 1807 5950 σχῆ-

1913 5879 2081 5933 dictio
2131 5876 2303 5946 βάῖον,
2364 5876 2456 5932 sed
2490 5886 2776 5944 sceptrum,
2838 5892 2944 5931 non
2995 5887 3123 5933 Leve
3170 5876 3388 5946 quidem
3421 5883 3485 5931 et
