4224 6450
290 388 394 453 ιῦ5

1379 392 1761 453 GRETSERI
1801 389 1895 450 ET
1917 385 2157 448 GOARI
2190 387 2426 448 NOTIE.

3422 391 3526 454 406

288 517 434 561 certe
450 505 518 560 ad
558 506 729 561 solam
782 506 1230 571 ostentationem,
1293 522 1545 578 promere
1601 507 1865 562 voluisse.
1909 512 1948 567 Α
1984 502 2190 557 Sensus
2206 511 2289 556 est
2323 516 2335 551 :
2376 501 2674 569 imperator
2701 506 2847 553 tenet
2883 508 3008 555 tunc
3040 502 3323 571 (nimirum
3354 506 3407 559 in
3442 510 3533 562 illa

287 593 594 649 Candidum
619 609 750 651 vero
779 595 1116 666 rubrumque
1145 595 1356 651 colores
1376 593 1677 649 Ecclesiam
1709 592 1854 645 velut

286 686 351 739 ad
384 702 445 742 se
472 696 777 757 spectantes
810 688 910 743 sibi
935 688 1236 744 vindicasse
1291 687 1529 743 diximus
1583 687 1645 740 in.
1693 698 1854 754 sepe

286 770 545 833 rictibus.
574 777 769 849 Coum]

353 869 500 925 Ibid.
524 870 701 926 Codex
740 870 935 927 Lautlt.
1005 886 1102 943 pro
1150 874 1348 943 σεμνοῦ
1402 870 1593 941 ὕμνου.
1645 869 1854 923 Recte:

284 961 415 1017 Cum
441 966 661 1034 hymnus
682 966 993 1032 inchoatur,
1016 966 1268 1020 videlicet
1295 981 1325 1019 a
1371 964 1708 1025 cantoribus,
1764 962 1856 1030 qui

284 1061 563 1116 decantari
603 1063 742 1117 solet
767 1063 818 1117 in
849 1078 1046 1133 magno
1075 1063 1346 1132 ingressu,
1393 1063 1493 1116 hoc
1527 1071 1610 1115 est
1636 1059 1689 1113 in
1723 1074 1858 1127 sup-

283 1154 578 1221 plicatione
610 1170 703 1208 seu
739 1155 969 1210 solemni
1012 1155 1385 1222 processione,
1415 1153 1470 1207 in
1535 1166 1663 1221 qua,
1723 1151 1859 1203 lecto

280 1247 390 1311 jam
429 1246 741 1315 Evangelio,
774 1247 1156 1301 circumfertur
1186 1260 1284 1313 per
1311 1244 1568 1312 templum
1596 1241 1860 1303 _,materia

282 1338 454 1395 tutori
487 1336 762 1401 sacriﬁcii,
790 1338 953 1392 ducto
989 1337 1146 1391 initio
1174 1352 1202 1389 a
1245 1335 1514 1405 prothesi,
1557 1334 1622 1387 ad
1688 1333 1861 1385 altare

282 1434 337 1486 iu
368 1448 478 1501 quo
512 1428 835 1485 saetiliciun:
861 1429 1263 1483 immolabatur.
1290 1428 1362 1481 De
1379 1442 1483 1496 qua
1512 1426 1864 1494 processione

282 1522 493 1590 legatur
516 1520 770 1575 Cabasila
804 1520 856 1572 in
882 1518 1125 1587 Exposit.
1148 1517 1345 1579 Missae,
1366 1532 1427 1571 -c.
1463 1517 1551 1570 54.
1585 1515 1788 1570 Οιιετς.

353 1609 499 1667 Ibid.
532 1609 769 1683 [Duplex
800 1608 999 1672 εἴσοδος
1032 1610 1276 1663 introitus
1302 1609 1356 1662 in
1392 1608 1632 1677 liturgia,
1662 1620 1863 1676 parvus

284 1712 337 1756 et
363 1717 615 1771 magnus.
647 1699 860 1755 Primus
887 1699 1199 1755 inducendo
1226 1700 1293 1755 ad
1334 1699 1503 1754 altare
1534 1698 1863 1767 Evangelio-

284 1808 429 1857 rum,
461 1801 589 1846 ante
612 1791 899 1845 lectionem
929 1804 1144 1856 eorum,
1168 1789 1331 1855 libro,
1364 1791 1641 1844 secundus
1666 1789 1865 1857 depor-

286 1885 466 1938 tandis
499 1884 564 1937 ad
606 1883 749 1937 idem
783 1884 953 1938 altare
976 1885 1147 1938 sacris
1180 1883 1362 1948 donis,
1408 1897 1547 1952 pane
1600 1881 1860 1934 nimirum

284 1982 337 2027 et
368 1973 519 2038 vino,
553 1972 857 2026 destinatus
880 1981 963 2027 est
990 1989 1004 2036 ;
1041 1971 1210 2042 ﬁtque
1238 1988 1303 2026 ea
1346 1974 1527 2026 missa:
1548 1980 1719 2040 parte,
1740 1985 1861 2039 quae

285 2064 445 2120 nobis
472 2064 764 2131 Evangelio
790 2063 929 2118 lecto
965 2064 1167 2149 dicitur
1208 2065 1557 2132 oﬁ‘ertorium.

357 2154 497 2209 Ibid.
533 2153 806 2226 [Ύμνου.
828 2156 1070 2225 Hymnus
1098 2156 1187 2211 ille
1214 2156 1550 2212 Cherubicus
1577 2164 1681 2220 est,
1715 2156 1864 2223 offer-

287 2248 478 2300 torium
514 2263 705 2302 rursus
734 2247 945 2302 Latinis
973 2248 1298 2313 vorandum,
1336 2248 1479 2318 quod
1503 2247 1629 2301 dum
1660 2249 1857 2302 oblatas

285 2338 609 2393 deferuntur
631 2339 698 2394 ad
724 2339 915 2404 altare,
948 2349 1216 2405 cantetur,
1253 2340 1320 2394 de
1345 2354 1454 2408 quo
1480 2339 1733 2401 Allatius,
1762 2338 1865 2390 Ar-

284 2434 499 2495 cudius,
534 2433 749 2504 liturgia
765 2433 1144 2505 Chrysostomi
1178 2443 1231 2489 et
1263 2433 1677 2503 Euchologium.

358 2524 500 2577 Ibid.
538 2523 876 2597 [Πρόθεσιν.
924 2527 1111 2580 Altare
1161 2528 1473 2582 Graecorum
1503 2526 1656 2595 ἅγιον
1710 2527 1861 2596 βῆμα.

283 2616 446 2686 vulgo
475 2616 702 2682 dictum,
737 2632 765 2669 a
798 2617 1007 2685 reliquo
1034 2617 1234 2686 templo
1266 2627 1523 2686 separant
1557 2616 1854 2684 κιγκλίδες,

286 2708 532 2773 cancelli,
552 2708 633 2761 vel
656 2710 819 2761 etiam
842 2708 1011 2762 solida
1042 2709 1302 2771 tabulata,
1338 2717 1500 2777 prout
1532 2708 1582 2762 in
1611 2709 1860 2762 ecclesiis

286 2799 492 2853 nostris
520 2799 621 2852 alia
658 2810 809 2868 septa
842 2815 1126 2853 sacrorum
1160 2800 1399 2853 virorum
1428 2800 1655 2853 chorum
1695 2814 1725 2853 a
1759 2814 1856 2866 po-

288 2892 414 2961 pulo
442 2891 693 2944 dividunt
731 2893 1046 2961 augustiora
1084 2900 1256 2959 septa.
1293 2892 1349 2945 lu
1402 2901 1716 2946 transverso
1768 2892 1860 2946 illo

286 2982 529 3037 tabulato
561 2994 669 3035 tres
704 2995 871 3051 portae
892 2993 1039 3047 sunt,
1068 2984 1242 3046 media
1278 2984 1474 3052 major,
1504 2986 1621 3038 alia:
1655 2999 1684 3037 a
1728 2984 1859 3037 late-

288 3076 442 3129 ribus
472 3061 730 3128 miuo’res.
771 3074 994 3128 Mediam
1040 3076 1170 3143 ἅγια
1215 3074 1374 3143 θύρια
1430 3076 1617 3128 dicunt
1662 3075 1856 3139 Greci,

1959 592 2330 664 processione)
2372 592 2551 646 locum
2579 591 2839 659 deputati.
2877 589 3202 646 Numeratur
3238 605 3417 651 autem
3450 600 3534 651 of-

1958 685 2140 739 ﬁcium
2198 684 2496 754 deputatia
2554 682 2881 751 Curopalata
2948 684 3274 741 interomcia
3330 704 3539 759 magna:

1959 776 2212 832 Ecclesiae
2264 778 2317 830 in
2377 776 2624 847 catalogo
2682 775 2994 831 oﬂicialium
3051 777 3295 846 ejusdem
3367 784 3535 854 aula',

1959 885 2007 924 c.
2041 870 2095 924 l.
2123 870 2331 925 Gnsrs.

2034 963 2181 1021 Ibid.
2216 962 2414 1036 [Simul
2448 972 2613 1034 atque
2639 980 2907 1022 summum
2930 968 3227 1039 imperium
3250 972 3537 1041 quivisac-

1960 1053 2193 1121 eipiebat
2226 1054 2543 1122 imperator,
2576 1056 2649 1109 ait
2687 1055 2966 1123 Zosimus,
2994 1060 3230 1114 amictus
3256 1061 3305 1115 ei
3354 1076 3534 1116 sacer.

1961 1146 2156 1200 d0talis
2206 1160 2237 1199 a
2297 1148 2648 1215 pontiﬁcibus
2745 1150 3103 1217 oll‘erebatur,
3159 1160 3215 1207 et
3281 1155 3537 1210 continui:

1961 1239 2236 1306 pontitieis
2278 1238 2498 1293 maximi
2524 1240 2744 1294 titulum
2775 1243 3108 1311 usurpabat;
3136 1256 3389 1314 tantaque
3425 1257 3543 1301 erat

1963 1327 2102 1382 inter
2140 1329 2547 1398 imperatoriam
2570 1341 2624 1387 et
2650 1332 2984 1401 pontiﬁciam
3026 1335 3350 1402 dignitatem
3409 1353 3543 1393 coa-

1963 1421 2147 1485 nexio,
2168 1428 2228 1473 ut
2250 1421 2370 1476 sine
2389 1421 2490 1476 hac
2514 1423 2603 1477 illa
2628 1425 2933 1479 consistere
2960 1410 3230 1493 nequiret,
3256 1442 3317 1481 ac
3341 1429 3393 1481 iu
3419 1442 3545 1482 eum

1963 1513 2169 1568 subditi
2202 1515 2519 1582 conspirare
2575 1516 2987 1584 impellerentur
3038 1519 3325 1583 audacius,
3379 1537 3542 1589 quem

1963 1602 2139 1671 patria
2163 1603 2423 1671 religione
2450 1613 2833 1659 consecratum
2864 1622 2973 1660 non
3000 1593 3541 1677 contemplarentur;

1966 1710 2125 1763 quem
2159 1709 2291 1749 vero
2318 1695 2408 1750 illa
2451 1697 2723 1751 sublatum
2758 1699 3122 1769 suspicerent,
3186 1711 3332 1754 tanta
3380 1702 3547 1756 simul

1967 1787 2291 1842 auctoritate
2319 1789 2612 1857 pollentem
2666 1792 3090 1857 venerabantur,
3126 1800 3187 1846 ut
3232 1807 3296 1845 eo
3322 1794 3547 1860 quasvis

1966 1879 2321 1948 magistratus
2348 1890 2662 1936 assererem
2699 1881 3006 1947 inferiores,
3062 1893 3116 1938 et
3141 1899 3207 1937 ex
3242 1886 3359 1953 ejus
3413 1898 3546 1939 nutu

1965 1969 2352 2039 voluntateque
2382 1985 2467 2025 res
2498 1971 2750 2039 publicae,
2789 1972 3037 2041 privatas,
3062 1975 3212 2039 belli,
3252 1962 3419 2043 paCis,
3457 1992 3549 2030 ex-

1965 2067 2155 2122 ternae,
2192 2061 2530 2124 domesticae,
2567 2071 2779 2116 cunctae
2816 2063 3160 2131 penderent;
3196 2079 3317 2131 quae
3381 2081 3545 2120 causa

1963 2150 2069 2206 fuit
2098 2160 2156 2207 ut
2182 2154 2324 2207 inter
2350 2151 2701 2207 Christianos
2735 2154 3096 2221 imperatores
3151 2156 3339 2223 primi,
3393 2155 3543 2209 Cou-

1963 2245 2257 2310 stantinus,
2276 2244 2653 2311 Constantius,
2680 2243 3119 2311 Valentinianus,
3141 2245 3340 2303 Valens
3366 2258 3418 2302 et
3451 2250 3544 2303 alii

1964 2335 2030 2389 ad
2063 2333 2388 2389 Gratianum
2427 2350 2619 2404 usque,
2694 2336 2971 2404 pontificis
3026 2338 3253 2391 maximi
3321 2341 3538 2395 titulum

1964 2428 2266 2497 stolamque
2297 2442 2406 2481 non
2430 2427 2628 2481 fuerint
2659 2428 3077 2485 aversati.Hinc
3111 2431 3239 2485 illud
3273 2432 3550 2487 Ambrosii

1962 2520 2377 2575 deChristianis
2401 2519 2741 2587 principibus
2791 2523 2953 2575 etiam
3017 2523 3159 2577 intra
3224 2523 3547 2578 Christianae

1962 2609 2241 2679 religionis
2274 2611 2535 2663 terminos
2561 2610 2858 2665 ambitione
2890 2613 3054 2664 motis
3082 2613 3287 2666 dictum
3320 2632 3333 2667 :
3380 2613 3545 2683 Vulgo

1961 2702 2066 2753 dici
2100 2702 2237 2769 quod
2261 2704 2600 2769 imperatores
2628 2704 2989 2777 sacerdotium
3019 2705 3192 2775 magis
3252 2708 3550 2774 optaverint

1962 2810 2120 2863 quam
2150 2794 2430 2861 imperium
2465 2794 2787 2846 sacerdotes.
2834 2792 2936 2846 Ubi
2990 2804 3168 2848 tamen
3200 2806 3359 2850 aucta
3422 2798 3552 2850 reli-

1961 2886 2051 2954 gio
2088 2884 2410 2938 umbratiles
2434 2887 2596 2938 etiam
2620 2886 3037 2953 superstitionis
3077 2886 3269 2941 titulos
3298 2889 3522 2942 elimina
3541 2919 3554 2929 -

1960 2978 2036 3031 vit
2067 2990 2096 3030 e
2122 2978 2342 3045 palatio,
2382 2992 2445 3031 ac
2477 2979 2691 3031 sincera
2724 2980 2921 3033 mentis
2954 2978 3190 3046 dejectio
3252 2981 3419 3035 falsas
3454 2994 3552 3037 aut

1961 3084 2129 3123 vanas
2156 3069 2463 3137 repudiavit
2487 3071 2900 3137 appellationes,
2922 3071 3063 3126 inter
3091 3072 3318 3127 ultimos
3354 3073 3550 3129 Eccle-

288 3167 447 3234 ἁγίας
471 3166 663 3231 πύλας,
690 3166 845 3231 ἁγίας
870 3164 1059 3235 θύρας,
1084 3174 1188 3220 etc.
1210 3166 1250 3219 E
1270 3166 1531 3220 lateribus
1556 3165 1860 3229 dexteram,

1968 3162 2061 3215 site
2118 3160 2405 3215 ministros
2459 3160 2640 3214 locum
2685 3162 2926 3230 reperire
2982 3179 3046 3216 ac
3104 3178 3294 3218 eorum
3350 3180 3551 3231 munus

289 3259 384 3313 ubi
428 3256 735 3311 διακονικόν
766 3267 869 3318 est,
897 3258 1067 3308 νότιον
1105 3259 1288 3326 μέρος,
1321 3258 1596 3311 sinistram
1641 3258 1851 3327 βόρειον

288 3349 472 3419 μέρος,
505 3362 603 3401 nec
634 3362 742 3399 non
795 3346 1051 3417 πρόθεσιν
1098 3354 1310 3399 vocant.
1348 3348 1610 3415 Πρόθεσις
1641 3348 1857 3401 demum

284 3454 475 3494 mensa
514 3448 598 3493 est
635 3438 723 3491 ubi
769 3452 927 3491 sacra
956 3438 1100 3491 dona
1137 3440 1187 3491 in
1245 3439 1413 3492 missa
1483 3440 1859 3493 consecranda

284 3533 650 3602 προτίθενται,
683 3532 851 3597 primo
901 3540 1284 3599 proponuntur,
1343 3542 1400 3585 et
1485 3541 1609 3584 ante
1679 3531 1862 3585 missae

285 3624 616 3693 principium
656 3637 687 3677 a
717 3622 1001 3676 sacerdote
1056 3631 1111 3676 et
1168 3624 1400 3677 diacono
1451 3632 1762 3693 praeparata.
1792 3624 1858 3677 ad

284 3716 629 3771 olfertorium
660 3729 833 3782 usque
868 3722 1225 3783 reponuntur.
1252 3714 1389 3769 Hinc
1413 3716 1459 3769 ei
1484 3729 1705 3785 quoque
1729 3732 1861 3784 προ-

286 3812 485 3870 θέσεως
524 3823 744 3861 nomen.

358 3896 501 3951 Ibid.
540 3895 645 3967 [Td
664 3896 823 3964 ἅγια.
861 3895 1111 3963 Intelligo
1138 3897 1308 3967 δῶρα,
1335 3912 1532 3967 panem
1567 3906 1622 3949 et
1648 3897 1859 3952 vinum.

355 3984 504 4038 Ibid.
555 3983 827 4054 [Μανδῦας
881 3986 1079 4054 regium
1132 3988 1359 4053 pallium
1391 3996 1501 4047 est.
1540 3999 1592 4041 et
1620 3989 1665 4041 si
1692 3989 1863 4042 mavis

281 4078 562 4145 chlamys;
617 4075 718 4130 nisi
771 4078 915 4145 quod
971 4077 1216 4146 chlamys
1264 4077 1498 4141 brevior,
1548 4086 1604 4131 et
1636 4079 1864 4131 humero

282 4170 482 4224 dextro
514 4169 674 4223 obuia
705 4169 787 4224 vel
813 4170 957 4224 nodo
984 4182 1311 4236 necteretur,
1342 4174 1603 4241 mandyas
1627 4172 1860 4239 longior,

283 4262 361 4315 ad.
381 4259 823 4330 pectusjcollique
852 4260 1086 4314 radicem
1112 4262 1465 4316 anteriorem.
1495 4262 1667 4318 Totus
1690 4262 1864 4334 Phry-

281 4351 475 4419 gionis
499 4366 662 4419 opera
688 4351 854 4406 ramis
900 4352 1231 4421 circulisque
1286 4356 1489 4418 aureis,
1550 4356 1602 4409 in
1664 4357 1864 4424 quibus

285 4441 489 4510 aquila:
520 4440 765 4511 bicipites
792 4442 981 4496 eodem
1011 4458 1146 4497 auro
1171 4444 1582 4506 extuberantes.
1609 4446 1862 4514 depictus

278 4544 390 4589 est.

354 4627 501 4682 Ibid.
534 4626 676 4698 [Τὸν
693 4631 980 4697 σταυρόν.
1008 4627 1223 4700 Virgam
1249 4630 1504 4685 nimirum
1533 4646 1776 4697 auream,
1814 4634 1869 4687 in

277 4720 443 4787 cujus
460 4722 774 4775 summitate
791 4735 922 4774 crux
942 4735 1108 4774 aurea
1129 4722 1359 4789 gemmis
1383 4732 1592 4783 ornata.
1612 4705 1772 4793 vulgo
1788 4725 1867 4776 6-.-

278 4812 534 4863 κανικιον
570 4829 584 4875 ;
614 4812 680 4865 de
710 4827 823 4881 quo
845 4812 1118 4881 superius.

359 4903 506 4955 Ibid.
535 4900 861 4974 [Ndponxm
884 4905 1132 4973 ferulam,
1153 4906 1361 4977 virgam
1395 4907 1670 4972 leviorem,
1700 4922 1861 4976 quam

277 5005 556 5049 memorat
587 4995 807 5051 Simeon
838 4995 1348 5053 Thessalonicensis
1370 4998 1473 5054 c.6
1503 5010 1630 5053 nota
1677 5000 1747 5053 44
1769 5014 1860 5053 re-

274 5088 451 5140 latus.
476 5084 671 5156 Gosn.]

354 5176 526 5247 365
543 5181 602 5231 Ρ.
621 5177 711 5231 95.
732 5177 917 5242 Τάξιν
934 5179 1477 5247 ἐκκλησιαστικὴν,
1498 5180 1578 5249 ἦν
1603 5182 1863 5235 καλοῦσι

271 5268 389 5323 τοῦ
413 5269 481 5322 δέ
520 5283 686 5322 ποτε.
724 5268 975 5324 Ordinem
1011 5274 1443 5337 ecclesiasticum,
1498 5292 1647 5345 quem
1696 5277 1863 5343 ipsius

271 5370 496 5417 vocant.
536 5360 848 5429 Perperam,
881 5363 974 5416 sed
1006 5365 1244 5418 correxit
1292 5365 1491 5420 Junius
1523 5382 1765 5421 ert-orem
1791 5383 1854 5421 ex

273 5456 398 5508 alio
428 5453 632 5506 codice.
667 5452 973 5522 Legendum
1009 5456 1152 5509 enim
1181 5456 1275 5509 τοῦ
1332 5458 1644 5524 δεποτάτου,
1682 5470 1740 5512 ιιι
1764 5461 1860 5513 ba.

272 5550 373 5600 bet
408 5544 649 5601 Joannes
684 5546 1100 5603 Cantacuzenus
1135 5551 1189 5603 in
1220 5566 1319 5605 sua
1353 5551 1617 5615 Historia,
1645 5553 1681 5606 l.
1715 5570 1730 5607 ι
1796 5554 1864 5607 de

273 5638 445 5693 bellis
481 5638 620 5692 inter
671 5639 1042 5694 Andronicum
1090 5656 1252 5697 avum
1298 5654 1351 5697 et
1410 5655 1705 5713 nepotem,
1766 5646 1858 5699 ubi

272 5729 830 5799 rituminaugurandi
864 5730 1211 5799 imperatoris
1237 5732 1522 5791 describit.
1580 5736 1715 5790 Cod.
1763 5736 1860 5790 Ba-

274 5835 403 5877 vlt‘.
454 5821 803 5887 ὄεσποτάτου,
840 5832 1001 5889 resto,
1063 5825 1108 5879 si
1148 5826 1365 5882 unicum
1430 5828 1597 5897 sigma
1649 5827 1858 5884 demas.

1962 3254 2257 3322 quodpiam
2289 3254 2342 3308 in
2370 3253 2615 3309 Ecclesia
2645 3256 2798 3310 obire
2817 3255 3042 3311 fuitillis
3072 3257 3125 3309 iu
3160 3262 3372 3326 pretio;
3403 3264 3550 3313 unde

1961 3357 2139 3401 ortum
2171 3355 2301 3416 puto
2334 3356 2394 3400 ut
2431 3347 2686 3415 antiquas
2716 3347 3031 3417 chlamydes
3062 3349 3396 3417 posteriores
3439 3354 3541 3404 im-

1960 3420 2095 3508 perii
2128 3452 2475 3493 successores
2507 3438 2560 3490 in
2580 3439 2863 3508 mandyas,
2901 3440 3169 3493 lectorum
3205 3441 3391 3508 pallia,
3415 3458 3547 3496 con—

1962 3540 2252 3593 verterent;
2278 3530 2658 3598 deputatorum
2686 3532 2738 3584 in
2762 3531 3002 3586 Ecclesia
3023 3542 3273 3601 gererent
3291 3534 3548 3589 oﬂiciumo

1962 3631 2015 3676 et
2043 3623 2182 3707 viam
2223 3622 2275 3675 in
2312 3622 2543 3677 solemni
2592 3638 2879 3678 sacrorum
2918 3625 3190 3679 donorum
3256 3627 3324 3679 ad
3377 3629 3550 3683 altare

1905 3737 1927 3753 -
1962 3715 2342 3783 deportatione
2374 3714 2589 3768 clericis
2643 3724 2698 3768 et
2750 3716 3133 3791 sacerdotibus
3185 3728 3546 3785 sternerent;

1964 3823 2027 3862 ac
2052 3809 2273 3862 demum
2305 3807 2548 3862 Ecclesia
2572 3808 2882 3878 religiosam
2908 3810 3222 3879 hujusmodi
3259 3812 3549 3866 demissio-

1962 3914 2086 3952 nem
2143 3910 2583 3968 compensatura,
2663 3904 2789 3955 thus
2859 3918 3251 3971 nonnunquam
3306 3906 3357 3958 in
3414 3906 3552 3959 alta-

1964 3992 2116 4045 ribus
2140 3992 2492 4057 accendendi,
2514 3993 2739 4047 trisulco
2757 4009 2916 4049 cereo
2938 3997 3378 4051 benedictionem
3407 3999 3544 4051 sub-

1965 4083 2092 4137 ditis
2137 4083 2483 4151 impertiendi
2537 4100 2833 4153 sacrosque
2879 4101 3159 4141 sermones
3188 4089 3254 4142 ad
3285 4102 3545 4157 proceres

1967 4185 2022 4228 et
2062 4174 2320 4243 populum
2377 4175 2611 4230 habendi
2671 4178 2968 4232 contulerit
3021 4194 3141 4233 eam
3201 4188 3549 4248 potestatem,

1966 4280 2129 4334 quam
2151 4264 2219 4317 ab
2252 4264 2467 4331 iniusta:
2495 4268 2576 4320 vel
2604 4268 2885 4339 sacrilega:
2906 4271 3286 4339 usurpationis
3318 4271 3550 4325 crimine

1966 4372 2092 4410 reor
2123 4357 2453 4412 vindicatam
2485 4368 2616 4412 nota
2672 4360 2725 4413 in
2780 4361 3010 4430 hujusce
3074 4362 3319 4416 auctoris
3370 4366 3542 4417 nostri

1968 4457 2128 4516 caput
2161 4448 2248 4512 14,
2278 4450 2345 4503 ad
2398 4465 2451 4519 p.
2498 4452 2585 4504 76.
2625 4448 2799 4516 Quam
2835 4452 2879 4506 si
2911 4452 3034 4521 quis
3075 4452 3547 4507 condemnandam

1864 4518 1939 4601 ,θ
1976 4541 2312 4608 pervicacius
2341 4551 2575 4609 expetat,
2604 4557 2726 4597 reos
2785 4543 2947 4597 simul
3003 4552 3128 4613 agat
3184 4557 3412 4599 necesse
3463 4553 3548 4599 est

1976 4632 2473 4686 Christianissimos
2523 4648 2675 4701 reges
2735 4634 2788 4686 in
2838 4633 3105 4703 primores
3170 4634 3469 4689 canonicos
3519 4649 3550 4687 a

1982 4724 2232 4791 pluribus
2262 4722 2651 4777 ecclesiasticis
2677 4724 2921 4791 collegiis
2956 4724 3550 4794 allectos,eosdemque

1978 4830 2040 4868 ae
2071 4830 2350 4883 supremos
2374 4815 2507 4868 alios
2552 4816 2735 4868 Snecnli
2795 4816 3087 4885 principes.
3144 4820 3236 4886 qui
3301 4817 3548 4870 muniunt

1975 4906 2181 4974 aliquid
2211 4906 2710 4961 ecclesiasticorum
2756 4917 3095 4975 praesumant
3126 4922 3189 4962 ac
3226 4909 3279 4962 in
3320 4908 3551 4977 privile-

1975 5000 2185 5069 giorum
2214 5010 2417 5065 partem
2448 5015 2556 5052 rem
2584 4999 2867 5065 deputent.
2910 4998 3113 5071 σθω]

2044 5090 2103 5142 Ρ.
2134 5090 2221 5144 9ι4.
2242 5092 2593 5158 Ιιροηγεῖται
2621 5091 2730 5156 τῆς
2759 5091 3001 5144 εἰσόδου
3028 5091 3253 5160 πάσης.
3288 5094 3552 5148 Prmcedit

1977 5200 2068 5251 per
2090 5187 2386 5253 ingressum
2424 5194 2612 5237 totum.
2643 5184 2863 5238 Inscite.
2889 5184 3079 5240 Potius
3100 5187 3346 5252 praecedit
3377 5195 3548 5241 lotaut

1973 5277 2424 5344 supplicationem,
2452 5276 2650 5343 primus
2690 5292 2766 5329 est
2802 5277 2855 5329 in
2883 5280 3237 5345 processione.
3272 5279 3547 5333 Cantacu-

1980 5384 2148 5423 lenus
2178 5370 2417 5435 ἡγεῖται.

2051 5462 2193 5516 Ibid.
2258 5461 2464 5516 Forsan
2528 5477 2627 5529 pro
2654 5462 2784 5513 ἄλλα
2842 5462 3127 5530 legendum
3182 5462 3408 5515 ἔπιπλα.
3459 5461 3549 5516 Sic

1976 5555 2118 5608 enim
2151 5554 2561 5607 Cantacuzenus
2597 5553 2799 5606 ἔπιπλά
2830 5570 2884 5605 τε
2917 5557 3009 5605 καὶ
3052 5554 3216 5623 σκεύη
3244 5553 3353 5605 τῶν
3388 5556 3549 5626 ἱερῶν

1977 5650 2067 5699 καὶ
2096 5645 2231 5697 αὐτὰ
2262 5644 2538 5712 ἁγιώτατα
2605 5644 3011 5713 inraso/saevos.
3048 5642 3233 5699 Gners

2022 5737 2159 5792 Ibid.
2200 5735 2412 5808 [Σκεύη
2437 5736 2577 5789 δέτε
2604 5736 2780 5789 ἄλλα.
2809 5736 2864 5788 lu
2901 5735 3123 5803 liturgizc
3160 5738 3404 5806 ingressu
3434 5752 3549 5790 ma-

1970 5829 2112 5898 jore,
2133 5845 2288 5885 sacro
2308 5829 2637 5900 procedendi
2662 5830 2787 5895 ritu,
2814 5826 3057 5895 lectores,
3079 5828 3418 5897 subdiac‘oni,
3438 5830 3552 5885 diao
