4224 6450
264 401 370 466 409

1337 409 1723 472 GRETSERI
1767 413 1863 475 ET
1905 415 2142 480 GOARI
2190 419 2426 479 ΝΟΤιἘ.

3389 411 3493 476 illi

265 513 353 577 10,
384 511 600 569 Nicetas
629 514 678 568 in
707 514 845 570 Man.
884 517 1075 572 Comn.
1111 517 1146 570 l.
1199 534 1255 574 ιιι
1296 527 1348 574 et
1393 535 1445 583 v,
1479 521 1822 590 triumphalis

1927 530 2021 598 τῆς
2054 529 2325 598 βασιλίδος
2358 532 2576 601 ἀδελφοὶ
2623 533 2873 604 Ἰωάννης
2905 533 2999 586 καὶ
3039 528 3297 597 Μανουὴλ
3341 527 3436 579 καὶ
3465 529 3493 578 ὁ

268 607 547 675 ingressus
592 618 645 662 et
697 623 983 678 processus
1049 612 1268 682 coniugi
1304 612 1546 668 Leontiae
1577 630 1607 669 a
1638 614 1820 669 Phoea

264 697 473 754 delatos
495 701 727 756 honores
755 701 1016 758 describit
1042 705 1240 760 citatus
1269 704 1602 764 Simocatta:
1644 706 1820 778 Ὑπῆν

264 793 318 846 δὲ
339 791 417 862 τῷ
436 793 684 864 τυράννῳ
705 795 945 864 γύναιον,
972 796 1198 852 Λεοντία
1239 798 1408 869 ὄνομα
1430 799 1579 870 αύτῷ
1602 815 1617 831 ο
1643 802 1815 873 ταύτῃ

266 885 530 954 στέφανον
547 886 814 955 βασίλειον
833 890 1193 960 περιτίθησιν.
1221 890 1374 944 Ἐπεὶ
1390 892 1444 944 δὲ
1462 893 1555 945 καὶ
1577 895 1824 962 πομπαῖς

266 977 497 1032 εἰθισται
553 983 665 1043 τοῖς
723 982 1117 1054 αὐτοκράτορσι
1175 984 1273 1046 τὰς
1299 969 1602 1052 ὀίμοζύγους
1628 987 1822 1052 ἀναγο-

268 1071 471 1142 ρεύειν,
525 1076 803 1143 ἐπιφανῶς
857 1078 1097 1146 τιμήσας
1124 1079 1184 1132 τὸ
1207 1078 1326 1143 ἔθος
1356 1083 1383 1133 ὀ
1421 1081 1684 1152 τύραννος
1720 1083 1820 1151 τὴν

264 1167 521 1222 Λεοντίαν
544 1169 862 1236 βασίλισσαν
888 1172 1038 1244 ἠξίου
1063 1172 1439 1243 θριαμϐεύειν.
1475 1175 1654 1230 lrenes
1686 1173 1825 1229 Leo-

266 1261 350 1314 nis
379 1261 554 1316 vidum
581 1264 911 1332 triumphum
941 1265 1440 1335 splendidissimum
1473 1268 1823 1322 commendat

265 1351 542 1409 Cedrenns
595 1355 647 1407 in
694 1355 787 1408 lilii
821 1355 1342 1434 Constantini‘Vita.

335 1442 476 1499 Ibid.
501 1445 752 1518 [Πάντες
775 1447 940 1515 πεζῆ.
976 1449 1418 1504 Cantacuzenum
1445 1459 1622 1504 tamen
1648 1453 1820 1520 impe-

265 1547 502 1592 ratorem
564 1548 806 1594 reet-nter
840 1549 1164 1595 coronatum
1193 1543 1403 1610 equites
1434 1557 1623 1596 omnes
1650 1541 1822 1596 secuti

224 1685 228 1688 ,
266 1629 468 1690 sunt,l.
497 1644 576 1688 ιιι.
607 1630 704 1684 27:
746 1631 901 1683 Μετὰ
925 1633 981 1684 δὲ
1023 1633 1121 1701 τὴν
1163 1631 1438 1702 εὐφημίαν
1471 1632 1707 1700 ἔφιππος
1737 1649 1824 1699 γε-

267 1720 490 1787 νόμενος
539 1724 565 1772 ὁ
615 1721 889 1789 βασιλεὺς,
945 1724 1038 1776 καὶ
1090 1724 1198 1776 τῶν
1233 1725 1406 1777 ἄλλων
1441 1725 1657 1777 πάντων
1699 1727 1822 1777 ἐπο-

269 1813 448 1881 μένων
476 1813 560 1883 ἐφ’
591 1815 790 1881 ἵπποις,
825 1818 937 1870 ὅσοι
975 1811 1136 1888 ἦσαν.
1171 1815 1368 1890 ϐοειι]

334 1905 475 1961 Ibid.
533 1908 637 1962 Pro
692 1907 1014 1978 σχαιὼματα
1045 1910 1163 1977 lego
1201 1909 1508 1980 χαιώματα,
1541 1917 1593 1963 et
1624 1909 1820 1963 τούὸια

268 2013 359 2054 seu
391 1999 579 2054 τουϐία
608 2002 830 2055 omnino
863 2001 1145 2056 retinenda
1180 2011 1330 2067 sunt,
1355 2017 1456 2056 nec
1480 2002 1737 2056 mutanda
1766 2002 1822 2055 in

266 2090 485 2158 τουφία.
519 2089 700 2159 Inepte
728 2091 924 2145 Junius
950 2107 1137 2158 parvos
1171 2092 1324 2146 tubos
1351 2107 1443 2147 seu
1488 2093 1699 2146 tubulos
1741 2093 1824 2146 in-

269 2191 614 2250 terpretatur.
666 2182 806 2238 idem
836 2185 981 2239 circa
1039 2165 1334 2255 χαιώματα
1373 2185 1565 2239 iterum
1635 2184 1822 2239 arabi-

267 2286 374 2329 ιιιι.

283 2379 286 2382 '
335 2363 396 2419 P.
425 2364 512 2421 98.
573 2365 753 2437 imago
774 2365 831 2423 S.
851 2366 1063 2437 Georgii
1100 2369 1154 2422 in
1182 2369 1384 2439 palatio
1411 2376 1526 2424 erat
1563 2370 1709 2422 circa
1735 2384 1823 2424 sa-

267 2455 459 2508 cellum
493 2456 716 2526 virginis
763 2458 1068 2528 Nicopmte.
1112 2467 1172 2513 ut
1200 2474 1265 2514 ex
1300 2475 1465 2530 supra
1489 2460 1648 2515 dictis
1688 2475 1821 2516 con-

266 2556 392 2612 stat,
417 2563 466 2603 e.
497 2549 582 2613 ii,
619 2559 672 2604 et
693 2551 794 2605 hoc
820 2550 957 2605 libro
987 2552 1106 2607 c.6.
1134 2551 1330 2607 Gens.

337 2660 475 2716 Ibid.
501 2660 940 2732 [Cantacuzenus
967 2662 1388 2730 Thessalonicae,
1420 2673 1477 2720 ut
1508 2668 1666 2721 modo
1684 2666 1824 2721 rela-

265 2762 377 2808 tum
395 2763 497 2818 est,
526 2769 650 2808 cum
692 2755 807 2810 suis
834 2755 968 2824 πρὸς
1002 2757 1093 2809 τὸν
1123 2757 1249 2809 ναὸν
1278 2755 1374 2808 τοῦ
1403 2748 1823 2827 μεγαλομάρτυ-

265 2863 358 2916 ρος
393 2847 611 2914 ἐγένετο
635 2847 908 2919 Γεωργίου
943 2847 1037 2900 τοῦ
1090 2850 1591 2919 Παλαιοκαστρίτου
1617 2869 1823 2921 προσα-

265 2939 652 3007 γορευομένου,
673 2939 767 2992 καὶ
800 2939 897 3009 τὴν
921 2943 1291 3010 προσκύνησιν
1323 2941 1598 3007 ἀπεδίδου,
1617 2951 1678 2997 ιιι
1713 2942 1826 2998 feli-

265 3031 418 3087 cibus
470 3031 628 3101 367
657 3031 778 3100 ejus
811 3033 1074 3102 auSpieiis
1123 3047 1384 3088 coronam
1419 3036 1721 3105 sumpsisse
1744 3037 1826 3090 vi-

263 3115 501 3179 deretur.
552 3122 835 3188 Subditur,
865 3124 1006 3192 quod
1049 3125 1135 3178 hic
1169 3126 1340 3180 tacuit
1363 3127 1622 3191 Codinus,
1647 3129 1818 3194 impe-

263 3224 498 3268 ratorem
529 3213 700 3268 olllcia
729 3213 1126 3283 dignitatesque
1146 3215 1516 3270 coronationis
1544 3217 1650 3270 ritu
1691 3232 1814 3285 per-

261 3313 386 3359 acto
439 3303 906 3359 contulissezﬁat
954 3321 1061 3356 τισι
1116 3307 1226 3367 τοῖς
1275 3306 1339 3357 ἑκ
1392 3305 1492 3373 τῆς
1525 3306 1822 3374 Λατινικῆς

264 3396 523 3464 στρατιᾶς
549 3395 648 3465 τὴν
677 3395 1028 3463 κασαλαρίων
1055 3397 1282 3464 παρεῖχε
1310 3395 1496 3465 τιμὴν,
1525 3397 1700 3449 πάντα
1731 3395 1818 3448 ἐπ’

261 3485 447 3545 αὐτοῖς
485 3483 555 3536 τὰ
596 3482 878 3552 εἰθισμένα
927 3485 1204 3553 πράττων.
1267 3483 1408 3538 Idem
1444 3485 1696 3554 prmstitit
1729 3499 1821 3538 ac-

260 3583 417 3644 cepta
445 3589 645 3629 corona
673 3572 913 3629 Joannes
928 3575 1220 3630 Andronici
1247 3577 1421 3630 Illius:
1459 3577 1548 3629 Ἐν
1564 3580 1630 3646 τῇ
1658 3577 1818 3647 ἑορτῇ

259 3666 316 3718 δὲ
342 3668 438 3719 καὶ
463 3665 572 3718 τῶν
602 3665 702 3734 τῆς
739 3665 1043 3731 συγκλήτου
1103 3665 1243 3737 πλὴν
1269 3665 1463 3733 ὀλίγων
1493 3665 1820 3734 ἀξιωμάτων

261 3758 460 3818 πάντες
522 3757 732 3826 ἔτυχον,
762 3755 837 3818 ὡς
866 3754 932 3808 ἂν
958 3756 1189 3818 ἕκαστος
1251 3757 1400 3822 παρὰ
1428 3756 1697 3827 βασιλίδος
1726 3758 1821 3825 καὶ

259 3850 602 3920 πατριάρχου
635 3850 727 3902 καὶ
755 3848 854 3918 τῆς
887 3847 1083 3917 βουλῆς
1100 3848 1248 3912 ἄξιος
1284 3847 1498 3917 ἐκρίθη.
1530 3849 1821 3920 Subjungit

259 3942 555 4010 dignitates
594 3956 716 4009 quae
750 3939 948 4008 cuique
968 3939 1205 3994 collatae:
1231 3947 1285 3993 at
1318 3939 1419 3993 illae
1448 3939 1580 3993 nihil
1602 3940 1817 3995 adrem.

257 4031 333 4087 Ita
366 4032 402 4085 Ι.
425 4030 667 4098 ejusdem
685 4016 734 4085 c.
780 4030 871 4084 56.

331 4144 473 4198 Ibid.
499 4141 863 4216 [Κεχυμένα.
903 4140 1021 4197 Non
1043 4141 1245 4208 insilia,
1273 4141 1365 4197 sed
1388 4142 1576 4212 absque
1604 4160 1818 4197 numero

258 4253 445 4306 sparsa
479 4245 528 4289 et
561 4236 904 4289 coaceruatim
936 4235 1128 4302 effusa.

331 4349 475 4404 Ibid.
504 4346 1037 4420 [Ἀρχοντόπουλα.
1059 4345 1347 4402 Procerum
1379 4349 1518 4416 ﬁlios
1550 4364 1643 4404 seu
1667 4349 1819 4416 jure-

259 4460 348 4498 nes
373 4458 631 4512 proceres,
660 4451 712 4495 et
739 4455 860 4494 cum
877 4439 1260 4495 Cantacuzeno
1279 4441 1365 4493 ἔπ’
1397 4441 1649 4509 εὐγενείᾳ
1677 4441 1818 4510 λαμ-

247 4533 639 4604 -πρυνομένους
685 4532 841 4592 νέους
871 4531 959 4584 hic
988 4530 1338 4599 interpretor,
1387 4542 1553 4600 prout
1613 4532 1817 4586 Cedre-

257 4642 363 4682 nus
387 4624 773 4695 κομητόπουλα
792 4622 1014 4691 juvenes
1041 4625 1254 4677 comites
1282 4625 1502 4692 scripsit
1563 4623 1617 4677 in
1674 4624 1820 4678 Con:

257 4718 482 4774 stantini
516 4715 746 4770 Romani
777 4714 1042 4785 Lecapeni
1071 4730 1288 4784 genero.
1335 4717 1389 4768 ’A
1403 4715 1823 4785 ρχοντοπούλους

258 4809 543 4864 cohortem
579 4807 652 4860 ita
683 4806 880 4860 dictam
905 4807 956 4860 in
989 4805 1164 4860 Alexii
1198 4808 1441 4862 exercitu
1473 4810 1640 4864 fuisse
1664 4810 1823 4863 docet

255 4906 418 4955 Anna
451 4899 580 4962 lilia,
615 4899 648 4953 Ι.
691 4913 788 4951 vn.
839 4901 907 4950 At
963 4899 1018 4952 hi
1086 4900 1506 4969 ἁρχοντόπουλοι
1578 4902 1820 4964 nomine,

257 5009 367 5048 non
399 4991 584 5046 forsan
609 4990 1015 5058 ἀρχοντόπουλα
1051 4992 1332 5060 sanguinis
1365 4992 1665 5045 nobilitate.
1701 4993 1824 5045 ‘Ex~

255 5088 555 5157 λεξάμενος
584 5084 814 5151 λογάδας
837 5087 931 5139 καὶ
961 5087 1156 5148 αὐτοὺς
1187 5087 1311 5151 τοὺς
1355 5087 1822 5157 ἀρχοντοπούλους

256 5177 610 5245 λεγομένους.
646 5173 710 5226 Ει
745 5171 883 5226 infra
916 5189 930 5226 :
967 5173 1234 5226 Πίπτουσι
1288 5175 1396 5228 τῶν
1458 5177 1822 5246 ἀρχοντοπού-

256 5269 366 5320 λων
388 5266 521 5317 ὡσεὶ
548 5265 864 5332 τριακόσιοι.

331 5376 471 5430 Ibid.
505 5374 637 5448 [Ἐκ
665 5376 880 5443 τέγους
909 5393 992 5439 τις
1025 5377 1127 5430 τοῦ
1143 5379 1468 5443 βασιλέως.
1490 5382 1822 5436 (Iantacnze-

257 5485 364 5522 nus
384 5483 587 5521 mensa:
625 5469 1040 5524 ειιεπειιιίιιὶειτοε
1081 5469 1207 5522 ferit
1243 5486 1362 5524 esse
1415 5476 1600 5526 uxoris
1621 5473 1817 5531 fratres

258 5560 296 5612 l.
322 5574 403 5622 ιιι,
438 5573 484 5611 c.
508 5558 576 5611 27
613 5574 626 5610 :
662 5558 903 5611 Ἐκεῖθεν
935 5559 988 5610 δὲ
1015 5562 1094 5623 εἰς
1131 5563 1194 5613 τὰ
1225 5561 1468 5626 βασίλεια
1508 5566 1818 5619 ἐπανελθὼν

257 5647 377 5715 ἅμα
406 5646 642 5716 βασιλίδι
671 5650 734 5717 τῇ
763 5654 974 5719 γαμετῇ
1009 5653 1275 5720 λαμπρῶς
1305 5656 1563 5719 εἱστιᾶτο,
1603 5659 1818 5710 πάντων

260 5739 686 5809 παρισταμένων
737 5743 880 5795 κατὰ
939 5743 1005 5795 τὰ
1056 5747 1416 5812 νενομισμένα
1486 5747 1816 5816 βασιλεῦσιν.

273 5830 679 5903 ’Υπηρετοῦντο
732 5834 789 5887 δὲ
826 5836 1006 5898 αὐτοῖς
1036 5837 1170 5905 πρὸς
1206 5839 1300 5906 τὴν
1365 5840 1602 5892 ἑστίασιν
1655 5841 1708 5892 οἵ
1763 5860 1816 5894 τε

1921 619 2014 672 τοῦ
2045 621 2305 690 βασιλέως
2335 623 2552 692 ἀνεψιὸς
2577 625 2604 675 ὁ
2635 626 2897 692 Ἀγγελος
2938 625 3212 692 Ἰωάννης·
3241 615 3440 688 com-1

1992 711 2051 766 P.
2081 712 2172 768 99.
2200 711 2432 770 Omnino
2453 715 2739 784 legendum
2789 717 2844 770 ὲν
2871 717 2933 786 τῇ
2963 715 3259 784 εὐωχήσει,
3293 723 3402 763 non
3433 709 3494 760 ὲν

1920 807 1984 873 τῇ
2013 804 2316 875 εύλογήσει,
2353 808 2477 876 quia
2517 808 2807 877 εὐλόγησις
2854 808 2988 860 nihil
3012 807 3226 874 penitus
3259 802 3324 856 ad
3376 814 3488 852 rem

1922 897 2070 960 facit,
2100 906 2155 953 st
2185 899 2411 954 multum
2451 898 2743 969 εύώχησις.
2792 899 2932 955 Dicit
2970 899 3116 953 enim
3183 895 3494 963 imperato-'

1920 1006 2034 1046 rem
2063 991 2203 1044 inter
2231 970 2558 1057 epulandum
2589 992 2729 1045 l'erre
2754 1007 3010 1046 coronam
3035 1004 3213 1051 suam,
3248 987 3294 1041 si
3334 984 3489 1051 prius

1920 1092 2214 1137 coronatus
2243 1082 2422 1148 fuerit,
2464 1091 2517 1160 e_t
2543 1084 2732 1137 sedere
2753 1082 2806 1135 in
2833 1081 2950 1136 loco
2974 1077 3361 1136 eminentiore,
3385 1076 3490 1128 hoc

1920 1177 2075 1232 estin
2104 1177 2395 1230 anabathra
2430 1192 2526 1231 seu
2559 1177 2808 1230 tabulato
2850 1176 3105 1235 editiore,
3170 1179 3354 1246 prout_
3401 1169 3490 1222 die

1922 1272 2288 1326 coronationis
2323 1274 2510 1326 sedere
2540 1271 2846 1326 consuevit.
2889 1264 3087 1325 Junius
3139 1280 3362 1335 prorsus
3393 1263 3493 1316 lia-

1922 1363 2114 1431 gitiose
2151 1380 2164 1416 :
2192 1363 2470 1417 Sciendum
2495 1367 2630 1433 ferre
2656 1366 3035 1429 imperatorem
3061 1373 3312 1413 coronam
3336 1371 3488 1410 suam

1922 1455 1975 1507 in
2008 1453 2379 1519 benedictione,
2414 1456 2458 1508 si
2497 1455 2767 1521 proposita
2813 1463 2889 1506 est
2919 1467 2938 1516 ς
2969 1452 3044 1505 sic
3073 1457 3248 1502 autem
3312 1446 3490 1498 sedere

1922 1543 1975 1594 in
2007 1543 2324 1607 anabathra,
2364 1552 2421 1597 ut
2478 1555 2596 1596 ante
2621 1544 2819 1596 dictum
2858 1551 2959 1605 est,
3016 1541 3070 1593 in
3125 1536 3487 1592 coronatione.

1923 1633 2212 1703 Perperam
2237 1636 2417 1704 plane.
2463 1634 2665 1688 Gns'rs.

1993 1722 2132 1775 Ibid.
2177 1722 2532 1794 [Ῥομφαῖαι.
2572 1723 2690 1777 llaec
2715 1723 2861 1777 circa
2887 1723 3267 1789 imperatorem
3299 1715 3367 1769 ad
3394 1715 3492 1767 ho-

1926 1815 2074 1870 noris
2105 1816 2316 1885 insigne
2335 1816 2497 1869 etiam
2529 1815 2584 1868 in
2611 1816 2725 1868 acie
2760 1815 2973 1868 delatae.
3034 1811 3178 1866 Vidit
3212 1824 3308 1863 eas
3361 1808 3487 1860 Ale-

1927 1908 2048 1962 sius
2076 1909 2127 1962 in
2154 1909 2382 1962 adverso
2439 1906 2695 1976 Bryennii
2748 1905 2993 1960 exercitu
3058 1913 3290 1964 erectas,
3359 1912 3485 1951 mox

1924 1999 2128 2053 eversis
2149 2009 2202 2053 et
2223 2007 2379 2067 capto
2419 1997 2764 2064 imperatoris
2798 2010 2938 2063 equo
2954 2007 3114 2062 quem
3143 1989 3488 2045 comitaban-

1927 2098 2034 2153 tur,
2055 2093 2316 2157 praeeonis
2349 2105 2475 2144 voce
2498 2099 2788 2157 tyrannum
2822 2094 2876 2138 et
2943 2083 3157 2137 hostem
3213 2079 3488 2133 interiisse

1924 2180 2239 2248 proclamat.
2274 2182 2490 2245 Annal.,
2517 2183 2552 2234 Ι.
2578 2198 2647 2236 x:
2686 2182 2820 2250 Ὁρᾷ
2847 2180 2874 2230 ὸ
2920 2178 3102 2246 πατὴρ
3147 2176 3238 2228 τὸν
3262 2174 3488 2227 ἱπποκόο

1929 2287 2027 2338 μον
2056 2271 2150 2323 τοῦ
2175 2272 2462 2340 Βρυεννίου
2492 2272 2656 2324 ἵππον
2684 2273 2840 2323 ἑπισυ
2852 2270 3077 2338 ρόμενον
3103 2269 3168 2335 τῇ
3199 2283 3258 2316 τε
3290 2263 3488 2331 ἁλουρ-

1924 2362 2003 2432 γῷ
2033 2364 2307 2432 ὲφεστρίδι
2342 2364 2755 2432 κεκοσμημένον
2804 2361 2900 2413 καὶ
2940 2360 3256 2428 κατάχρυσα
3281 2356 3350 2410 τὰ
3381 2355 3488 2424 φά-

1924 2453 2064 2523 λαρα
2095 2454 2308 2522 ἔχοντα,
2361 2457 2454 2507 καὶ
2482 2455 2546 2524 δὴ
2576 2454 2668 2507 καὶ
2724 2455 2849 2516 τοὺς
2901 2453 3232 2519 κατέχοντας
3278 2449 3375 2509 τὰς
3429 2449 3490 2513 ἐξ

1924 2541 2206 2604 ἐθουςτοῐς
2269 2541 2559 2611 βασιλεῦσι
2619 2540 3140 2612 παραπεμπομένας
3213 2536 3491 2606 ῥομφαίας

1923 2632 2133 2685 ικεῖθεν
2165 2633 2312 2702 αὑτῷ
2361 2633 2757 2702 παραθέοντας.
2798 2632 2860 2686 Ει
2887 2631 3029 2686 inl'ra
3065 2649 3080 2685 :
3148 2628 3490 2683 Καταϐάλλει

1928 2723 2028 2794 μὲν
2089 2725 2179 2778 τὸν
2240 2725 2568 2793 ίπποκόμον,
2647 2725 3068 2793 συναφαιρείται
3118 2722 3175 2775 δὲ
3242 2722 3335 2773 καὶ
3392 2721 3492 2781 τὰς

1926 2816 2221 2886 ῥομφαίας,
2247 2816 2340 2868 καὶ
2371 2816 2544 2885 λάθρα
2599 2816 2845 2882 ὑπέξεισι
2903 2812 2997 2866 τοῦ
3057 2811 3486 2882 στρατεύματος.

1937 2907 2021 2959 Ἐν
2047 2907 2124 2976 τῷ
2154 2907 2417 2977 ἀκινδύνῳ
2473 2908 2531 2960 δὲ
2567 2907 2843 2968 καταστὰς
2894 2907 2986 2958 τόν
3029 2923 3088 2957 τε
3147 2904 3490 2974 χρυσοφάλα-

1929 3014 2019 3066 ρον
2072 3000 2280 3051 ἐκεῖνον
2314 2999 2483 3051 ἵππον
2515 2997 2790 3066 ἐξέπεμψε
2830 2997 2927 3050 καὶ
2957 2995 3056 3059 τὰς
3086 2995 3217 3065 παρ’
3252 2995 3489 3065 ἑκάτερα

1923 3087 2018 3140 τοῦ
2067 3089 2343 3158 βασιλικοῦ
2412 3089 2664 3157 σώματος
2742 3089 3117 3159 στρεφομένας
3187 3087 3484 3156 ῥομφαίας.

1848 3190 1891 3249 c
1926 3178 2123 3250 Goan.]

1994 3270 2166 3326 Porro
2201 3272 2562 3342 imperatores
2600 3273 2653 3326 in
2689 3288 2786 3327 sua
2844 3273 3263 3342 inauguratione
3320 3272 3483 3325 etiam

1922 3366 2080 3432 alios,
2109 3366 2153 3421 si
2179 3367 2394 3421 occasio
2419 3365 2724 3431 offerretur,
2750 3366 3103 3433 dignitatibus
3128 3364 3488 3418 honestabant

1925 3459 2190 3526 novisque
2229 3458 2402 3512 titulis
2428 3457 2862 3512 condecorabant
2896 3473 2910 3508 :
2946 3471 3068 3509 nam
3104 3471 3225 3509 cum
3254 3453 3488 3508 Joannes

1921 3549 2223 3604 Andronici
2248 3549 2493 3604 Junioris
2527 3548 2671 3602 lilius
2695 3556 3081 3610 coronaretur,
3117 3563 3289 3599 omnes
3325 3545 3488 3614 ferme

1921 3656 2176 3708 proceres,
2211 3653 2266 3695 ut
2295 3658 2543 3710 quemque
2581 3642 2916 3707 imperatrix,
2960 3639 3270 3705 patriarcha
3301 3647 3488 3689 etcen-

1921 3734 2097 3785 cilium
2130 3749 2240 3787 esse
2266 3735 2475 3800 dignum
2500 3731 2799 3800 judicarat,
2829 3732 3114 3800 dignitates
3142 3730 3316 3794 adepti
3341 3737 3498 3784 sunt.

1921 3827 1989 3880 Et
2013 3828 2220 3881 Isacius
2255 3826 2460 3895 quidem
2496 3826 2694 3876 Asanes
2739 3821 3242 3891 pan/typersebastus
3298 3820 3479 3872 decla-

1921 3928 2068 3972 ratus
2093 3929 2189 3979 est,
2213 3920 2520 3986 Apocaucus
2550 3932 2765 3984 magnus
2796 3916 2924 3976 dux,
2962 3913 3232 3967 Cltumnus
3270 3928 3490 3981 magnus

1918 4010 2370 4076 stratopedarcha.
2404 4009 2570 4077 368
2598 4007 2930 4060 Andronicus
2967 4003 3307 4072 Palazologus
3343 4005 3488 4070 Apo-

1921 4103 2256 4170 cauci'gener
2285 4100 2445 4152 etiam
2475 4102 2580 4166 ipse
2613 4113 2832 4167 magnus
2863 4095 3302 4164 stratopcdarcha
3347 4095 3488 4147 desi-

1919 4188 2367 4262 gnatur,Gabalas
2384 4191 2794 4256 protosebastus.
2814 4198 2862 4242 et
2881 4190 2956 4240 ita
2977 4189 3073 4240 alii
3094 4203 3287 4249 omnes,
3304 4203 3486 4239 eorum

1919 4284 2216 4352 suffragiis,
2248 4282 2310 4334 de
2331 4282 2516 4350 quibus
2540 4297 2701 4348 supra
2729 4281 2986 4332 dicimus.
3027 4278 3343 4332 Patriarcha
3363 4281 3486 4347 quin

1919 4373 2141 4443 gradum
2173 4383 2473 4440 permutare
2495 4387 2598 4424 non
2620 4379 2846 4438 poterat,
2885 4370 3067 4422 habitu
3089 4385 3144 4422 se
3214 4371 3488 4437 augustio-

1924 4483 2032 4520 rem
2059 4465 2202 4534 fecit,
2227 4473 2275 4517 et
2303 4465 2356 4516 in
2411 4462 2879 4531 subscriptionibus
2913 4460 3083 4514 colore
3131 4458 3352 4513 caeruleo
3407 4469 3481 4510 est

1928 4574 2052 4612 usus
2075 4574 2094 4620 ,'
2116 4558 2515 4626 ﬂammeumque
2547 4571 2636 4608 seu
2672 4563 2872 4622 tegmen
2909 4553 3121 4620 capitis,
3170 4551 3308 4619 quod
3332 4560 3486 4603 antea

1923 4650 2278 4715 patriarchas,
2305 4649 2349 4700 si
2381 4647 2442 4700 de
2465 4647 2734 4700 monachis
2761 4663 2860 4698 non
2903 4653 3092 4707 essent,
3119 4647 3296 4697 album
3349 4645 3487 4711 ferre

1926 4759 2034 4796 mos
2059 4750 2192 4802 erat,
2221 4741 2329 4808 ipse
2359 4756 2490 4792 auro
2527 4739 2840 4803 illustravit,
2883 4736 3178 4790 Serratoris
3228 4737 3394 4787 nostri
3439 4745 3493 4788 et-

1924 4835 2144 4889 illibata:
2166 4835 2277 4902 ejus
2310 4833 2581 4901 genitricis
2615 4833 2853 4898 Deipara:
2882 4846 2943 4882 ac
2969 4827 3196 4881 Joannis
3229 4820 3486 4895 Baptista:

1924 4928 2141 4996 depictis
2166 4928 2220 4979 in
2253 4942 2310 4979 eo
2338 4925 2594 4978 iconibus.
2644 4923 3079 4984 Cantacuzenus,
3119 4936 3199 4985 ιιι,
3258 4921 3348 4973 56.
3405 4921 3488 4974 ita

1924 5021 1989 5075 ad
2022 5020 2372 5074 ambitionem
2399 5017 2682 5085 tegendam
2733 5022 3054 5083 argumenta
3091 5011 3307 5080 pietatis
3353 5011 3488 5063 ima-

1925 5113 2076 5180 gines
2100 5111 2304 5164 assumi
2338 5109 2660 5163 debuerunt.

1993 5201 2348 5255 Ambitiosior
2374 5201 2551 5253 adhuc
2577 5199 2840 5269 Bulgarire
2894 5196 3363 5264 archiepiscopus,
3391 5197 3485 5265 qui

1926 5299 2058 5345 teste
2084 5289 2315 5357 Georgio
2345 5289 2638 5356 Logotlieta
2689 5289 2739 5338 in
2788 5286 3060 5340 Chronico
3112 5286 3171 5335 τὸ
3207 5286 3484 5352 βασιλικὸν

1925 5381 2235 5450 περιτίθησι
2261 5383 2447 5449 σχῆμα
2481 5380 2572 5431 καὶ
2601 5379 2860 5447 διάδημα,
2893 5379 2966 5439 ὡς
2994 5377 3235 5444 ἔφασκεν
3266 5379 3486 5431 αὐτόνοη

1927 5492 2022 5544 μος
2051 5473 2124 5524 ὢν
2149 5472 2239 5523 καὶ
2271 5472 2461 5540 μηδενὶ
2493 5470 2718 5532 εὐθύνας
2750 5469 2978 5536 ὀφείλων
3019 5469 3242 5530 διδόναι,
3279 5471 3370 5522 καὶ
3395 5471 3484 5523 διὰ
3525 5541 3530 5546 _

1923 5567 2078 5619 τοῦτο
2107 5565 2249 5632 ἔχειν
2279 5564 2524 5626 ἐξουσίαν
2559 5563 2785 5632 βασιλέα
2843 5563 3078 5630 στέφειν.
3108 5560 3240 5615 Vide
3286 5563 3484 5616 Norei-

1919 5660 2028 5712 lam
2067 5657 2156 5708 [Si
2195 5655 2485 5709 Justiniani
2515 5655 2880 5723 imperatoris.

1994 5748 2129 5802 Cum
2161 5747 2394 5813 Joannes
2417 5747 2830 5800 Cnntacuzenus
2853 5745 3219 5814 Didytnoticlii
3242 5747 3481 5813 impera-

1926 5849 2010 5896 tor
2033 5841 2358 5906 initiaretur,
2399 5840 2620 5906 ipsemet
2661 5840 2833 5906 primo
2866 5849 3050 5891 restent
3081 5837 3474 5904 imperatoriam
