4224 6450
724 343 821 409 bll

1828 348 1912 405 IN
1952 345 2241 405 LIBRUM
2286 344 2379 402 DE
2421 342 2746 402 OFFICIIS
2781 343 2883 401 ΕΡ.

3850 328 3958 395 ηε

722 461 914 518 induit,
948 459 1132 512 deinde
1162 462 1210 511 in
1253 468 1525 521 conspectu
1560 459 1790 510 omnium
1848 475 1999 525 peaes
2059 462 2281 523 crepidis
2309 475 2359 528 Α
2384 458 2521 506 diem
2541 471 2651 506 sua
2679 453 2965 506 vocationis
3009 461 3273 519 tanquam
3299 448 3559 516 speculans
3590 446 3698 498 suis
3756 443 3959 497 obtuti-

717 555 992 619 purpureis
1025 560 1281 614 exornat;
1313 567 1537 623 quarum
1597 554 1864 603 deﬁet-mn
1926 553 1971 602 ei
2023 551 2278 615 sanguine

719 646 966 704 proximi,
1000 644 1261 695 sinistram
1298 659 1359 695 ex
1395 644 1730 695 conductitiis
1778 642 1980 695 Latinis
2014 644 2277 694 nobilitate

718 744 765 785 et
798 736 1065 801 splendore
1086 736 1286 800 generis
1334 737 1489 801 primi
1522 736 1795 786 inducunt.
1823 733 2149 800 lmperialem
2184 751 2280 784 au-

720 833 817 877 tem
851 826 1043 875 tiaram
1081 837 1201 877 ante
1228 828 1580 877 immaculata:
1657 824 1882 893 Virginis
1940 825 2033 877 Dei
2088 822 2277 876 Hatria

716 916 992 979 imaginem
1019 917 1158 967 humi
1189 919 1413 984 positam
1440 934 1594 968 manu
1629 934 1724 969 sua
1764 920 1951 969 tollens
1975 919 2094 983 'ipse
2120 916 2279 979 capiti

716 1019 809 1052 suo
834 1004 1071 1069 imponit.
1098 1004 1388 1058 Cautacuz.
1426 1023 1510 1069 III,
1534 1009 1624 1060 27.
1664 1006 1763 1061 L'bi
1793 1010 2019 1061 observa
2072 1021 2277 1059 morem

716 1098 1434 1162 poncmtihumicomnam,
1494 1112 1550 1153 ut
1606 1102 1919 1153 insinuetur
1973 1098 2275 1159 humilitas,

716 1196 767 1236 et
802 1198 924 1238 ante
956 1188 1246 1257 imaginem
1272 1188 1328 1242 Β.
1362 1188 1622 1257 Virginis,
1676 1203 1731 1243 ut
1755 1190 2077 1243 ostendatur
2112 1190 2282 1257 impo-

721 1274 917 1325 ratoris
946 1276 997 1325 in
1031 1287 1246 1330 sanctos
1287 1282 1476 1344 pietas.

788 1361 986 1417 Iterum
1009 1378 1297 1421 Coronatus
1322 1379 1404 1421 cst
1431 1370 1568 1422 idem
1623 1370 2041 1425 Cantacuzenus
2084 1370 2279 1423 Adria-

718 1458 922 1521 nnpoli,
956 1469 1113 1523 prout
1146 1459 1373 1526 ipsemet
1401 1462 1485 1513 his
1544 1466 1719 1517 verbis
1760 1466 2003 1531 exponit,
2026 1479 2108 1526 ιιι,
2162 1462 2230 1515 92
2263 1482 2275 1515 :

714 1541 834 1593 lam
860 1561 974 1595 vero
1000 1548 1198 1613 placuit
1234 1552 1396 1601 etiam
1430 1554 1801 1617 imperatorum
1835 1568 1975 1604 more
2006 1554 2275 1614 coronari,

714 1636 1136 1701 quandoquidem
1217 1649 1264 1689 et
1322 1641 1629 1704 patriarcha
1712 1640 2192 1711 Hierosolymorum
2230 1653 2277 1693 et

714 1724 940 1790 episcopi
965 1730 1257 1792 complures
1293 1745 1469 1780 coram
1496 1732 1753 1785 adessent.
1775 1735 2004 1801 Cumque
2032 1736 2278 1786 mandas-

714 1822 793 1864 set
826 1816 1121 1881 artiﬁcibus
1145 1830 1198 1870 ut
1232 1834 1479 1872 coronam
1512 1833 1560 1873 et
1583 1823 1704 1874 aliis
1738 1834 1789 1875 ut
1818 1825 1928 1875 alia
1963 1826 2032 1876 ad
2056 1841 2170 1877 eam
2200 1841 2280 1877 ce-
2314 1806 2355 1860 Β

715 1907 1011 1960 lebritatem
1035 1912 1500 1980 ceremoniamque
1533 1917 1924 1967 accommodata
1944 1918 2276 1982 conﬁcerent,

715 1997 915 2060 paratis
949 2000 1185 2051 omnibus
1228 2000 1483 2053 aLazaro
1536 2006 1841 2069 patriarcha
1900 2004 2279 2074 Hierosolymi-

712 2097 857 2149 lano,
892 2106 1062 2142 mense
1117 2089 1284 2154 Maio,
1342 2097 1552 2162 quando
1606 2096 1936 2149 Constantini
1992 2096 2176 2165 Magni
2228 2107 2278 2150 et

715 2176 930 2232 Helena
954 2183 1138 2235 matria
1163 2184 1295 2250 ejus.
1330 2188 1584 2252 apostolis
1616 2192 2117 2249 comparandorum,
2170 2207 2276 2242 me-

717 2270 884 2321 moria
908 2273 1120 2337 colitur,
1165 2289 1355 2327 corona
1388 2278 1648 2330 induitur.
1719 2277 1950 2333 Corona:
2008 2292 2183 2333 autem
2229 2294 2276 2334 et

716 2362 845 2426 ipse,
872 2372 927 2413 ut
958 2380 1065 2415 mos
1098 2368 1325 2426 tenebat,
1348 2366 1534 2421 lrenen
1559 2373 1829 2439 conjugem
1853 2389 2003 2425 suam
2033 2390 2052 2435 ;
2078 2375 2278 2425 omnia‘

717 2473 815 2521 que
838 2459 1010 2509 solitis
1030 2461 1234 2523 ritibus,
1263 2478 1417 2529 quam
1450 2466 1677 2516 maxime
1706 2466 1822 2533 ﬁeri
1849 2470 2038 2533 potuit,
2059 2479 2273 2535 peracta

715 2558 857 2599 sunt.
895 2546 1035 2599 Nam
1057 2560 1104 2601 et
1137 2560 1377 2618 argentea
1407 2562 1560 2619 atque
1590 2571 1745 2607 aurea
1770 2558 2089 2608 numismata
2126 2576 2276 2623 spar-

716 2635 989 2701 gebnntur,
1046 2640 1278 2691 convivia
1346 2642 1751 2710 poculorumque
1807 2646 2143 2698 incitationes
2207 2649 2275 2698 ad

714 2726 823 2778 dies
846 2728 1100 2794 plurimos
1130 2729 1618 2798 frequentabantur.
1677 2731 1857 2785 Tertio
1877 2734 2093 2788 demum
2116 2752 2277 2789 coro-

716 2828 878 2871 natus
908 2829 989 2872 est
1020 2821 1167 2888 (ἐροιί
1194 2821 1243 2873 in
1270 2820 1585 2876 Blachernis
1606 2823 1849 2893 Deiparm
1884 2827 2107 2896 virginis
2139 2839 2276 2882 temo

718 2908 828 2975 plu,
854 2918 1013 2975 prout
1038 2910 1152 2975 ipse
1185 2909 1305 2965 fuse
1338 2913 1563 2979 exponit
1596 2929 1670 2978 tv,
1704 2915 1758 2967 4.

787 2997 867 3049 Ad
898 2996 1057 3050 linem
1083 2999 1245 3067 hujus
1273 3002 1468 3069 capitis
1494 3001 1559 3055 de
1584 3006 1940 3060 coronatione
1980 3007 2276 3076 imperato-

2383 546 2474 598 bus
2512 557 2822 611 anteponat,
2849 545 3150 595 districtum
3188 538 3388 593 ultima
3423 537 3765 591 discussionis
3807 536 3960 603 judi-

2383 641 2522 691 cium
2552 641 2947 699 coutremiscat,
2983 646 3267 705 quatenus,
3326 634 3452 684 dum
3505 648 3641 683 nunc
3687 628 3958 681 Creatoris

2381 734 2463 783 sui
2492 732 2686 799 legibus
2722 731 2989 790 subditur,
3023 728 3114 797 qui
3136 728 3273 778 inter
3299 735 3595 787 creaturas,
3620 737 3735 783 qua
3790 719 3957 771 terra;

2382 838 2463 874 πω
2496 834 2637 882 sunt,
2665 823 2869 874 uidetur
2899 820 3151 890 insignis,
3201 818 3258 867 in
3294 815 3494 867 cctesti
3533 829 3731 882 quoque
3787 811 3962 878 gloria

2381 919 2627 969 ueraciter
2644 918 2711 968 sit
2738 914 2998 968 sublimis.
3032 913 3096 966 Et
3122 912 3229 964 huc
3260 908 3515 964 tendebat
3571 920 3792 975 quoque
3827 919 3955 956 aca-

2382 1010 2484 1071 cia,
2526 1025 2686 1077 quam
2714 1009 3013 1076 imperator
3035 1006 3206 1059 altera
3241 1019 3403 1057 manu
3430 1002 3572 1055 ferre
3591 998 3827 1058 solebat.
3888 997 3959 1049 de

2382 1115 2486 1167 qua
2519 1100 2628 1167 jam
2654 1102 2852 1167 sapius
2880 1098 3111 1153 dictum.
3137 1096 3234 1151 Est
3258 1106 3438 1150 autem
3501 1092 3687 1147 akacia
3711 1091 3778 1144 ad
3838 1104 3962 1141 ver-

2380 1193 2507 1245 bum
2534 1193 2855 1253 innocentia,
2887 1202 2941 1245 et
2967 1190 3199 1245 Aeacius
3224 1188 3591 1249 Innocentius,
3623 1192 3685 1238 ut
3712 1196 3814 1238 suo
3833 1182 3961 1235 loco

2382 1284 2712 1337 notavimus.
2743 1282 2947 1337 ϐαι-δ.

2942 1372 3169 1429 CAPUT
3230 1371 3375 1426 XIII.

2386 1484 2785 1539 Observationes
2832 1498 2880 1539 et
2929 1488 3309 1553 explicationes
3362 1489 3417 1537 in
3478 1503 3527 1540 ε.
3575 1486 3642 1540 18
3679 1496 3727 1537 et
3772 1486 3861 1549 l9,
3893 1486 3960 1539 de

2452 1559 2786 1609 coronatione
2812 1560 3063 1623 despotic,
3094 1558 3529 1608 sebastocratoris
3554 1567 3601 1609 et
3629 1553 3883 1609 Cesaris.

2453 1647 2512 1702 P.
2548 1650 2667 1700 IOO.
2703 1646 2811 1717 [Τὰ
2839 1648 3045 1703 olxeia.
3073 1648 3474 1718 Dignoscuutur
3495 1661 3542 1701 e.
3571 1648 3603 1700 4
3634 1647 3799 1714 hujus
3822 1661 3959 1716 Ope-

2382 1740 2480 1792 ris.
2504 1738 2703 1809 Cosm]
3323 1804 3331 1813 .

2452 1828 2593 1883 Ibid.
2637 1829 2883 1882 Δισολέα
2936 1829 3175 1893 πέδιλα,
3220 1830 3451 1895 duplicis
3496 1830 3690 1883 coloris
3743 1832 3958 1882 calcea-

2380 1930 2577 1973 menta.
2602 1919 2699 1974 Vel
2721 1922 2847 1975 hinc
2871 1932 3095 1989 apparet
3113 1922 3437 1975 vocabulum
3465 1922 3677 1975 διϐολὲα
3703 1932 3960 1990 spectare

2380 2012 2443 2065 ad
2468 2012 2739 2080 duplicem
2798 2014 3054 2065 colorem.
3100 2012 3247 2081 (Haec
3269 2029 3318 2067 c.
3373 2013 3423 2065 '5.
3465 2011 3662 2077 Goan.)
3718 2012 3793 2065 Ex
3826 2027 3961 2065 voce

2385 2103 2575 2155 πέδιλα
2628 2116 2813 2157 natum
2870 2115 2953 2158 est
3006 2104 3305 2167 mbobhov,
3370 2114 3423 2158 et
3476 2103 3685 2158 Latinis
3736 2117 3961 2172 quoque

2378 2195 2603 2260 pedalis.
2664 2196 2930 2263 lnterpres
2953 2193 3230 2249 Iuvenalis
3261 2195 3378 2249 Sat.
3417 2212 3434 2247 ι
3468 2212 3481 2248 :
3518 2193 3741 2248 Pedules
3792 2209 3956 2246 novos

2378 2285 2433 2337 in
2458 2285 2681 2346 braccis,
2716 2302 2843 2353 quos
2877 2286 3129 2351 pedornes
3158 2286 3364 2338 dicunt.
3396 2284 3595 2341 Gu‘rs.

2446 2375 2583 2428 Ibid.
2615 2374 3026 2446 [Ύπόψηςςον.
3065 2376 3285 2445 Proprie
3307 2376 3398 2445 qui
3420 2377 3486 2430 ad
3514 2376 3729 2443 aliquod
3756 2390 3961 2429 munus

2376 2468 2569 2521 electus
2603 2478 2685 2522 est
2716 2478 2769 2523 et
2797 2472 3102 2538 deputatus,
3141 2469 3382 2523 nondum
3416 2478 3599 2523 tamen
3637 2470 3958 2538 impositum

2380 2561 2548 2613 habet
2589 2560 2671 2613 vel
2707 2577 2735 2613 a
2772 2562 3054 2628 superiore
3104 2561 3487 2615 commissum.
3516 2558 3608 2614 Sic
3645 2560 3853 2614 electus
3884 2562 3958 2612 ad

2378 2651 2781 2718 episcopatum,
2831 2652 3075 2704 nondum
3097 2661 3277 2706 totuen
3310 2641 3617 2713 ordinatus,
3650 2651 3963 2719 ὑπὸψηφος

2376 2752 2479 2797 est.
2548 2744 2950 2813 Eucbologium
3002 2764 3014 2798 :
3050 2745 3436 2814 Πρςσφέρεται
3470 2746 3497 2796 ὁ
3528 2744 3835 2812 ὑποψήφιος
3860 2743 3962 2812 (ita

2379 2834 2527 2903 legit)
2564 2835 2670 2886 ὑπὸ
2701 2835 2807 2886 τῶν
2838 2836 3116 2903 κληρικῶν
3144 2836 3333 2894 αὐτοῦς
3372 2846 3429 2889 ut
3460 2844 3837 2889 consecretur.

2436 2924 2569 2981 Ibid.
2593 2925 2972 2997 [Ἀσπάζεται
2988 2928 3165 2979 πόδα.
3182 2927 3312 2981 Vide
3329 2928 3473 2982 dicta
3494 2928 3545 2980 in
3561 2935 3689 2980 nota
3708 2926 3772 2980 ad
3793 2942 3847 2995 p.
3862 2926 3959 2981 Ω.

2432 3017 2569 3072 Ibid.
2599 3015 2902 3087 [Καμάρας
2924 3019 3141 3087 μικρὰς
3170 3017 3495 3086 τέσσαρας.
3525 3019 3773 3087 Despotat
3796 3032 3962 3072 coro-

712 3088 790 3142 ris
826 3090 1009 3159 accipe
1030 3105 1091 3144 es
1124 3090 1279 3145 Petro
1316 3091 1579 3149 Damiano
1612 3097 1646 3150 Ι.
1686 3114 1724 3161 l,
1753 3113 1838 3166 ep.
1868 3100 1952 3163 l7,
1981 3100 2126 3155 hunc
2172 3117 2277 3155 mo-
2308 3133 2349 3189 ε

2381 3123 2447 3160 na
2487 3108 2635 3161 solus
2674 3109 2909 3163 circulus
2943 3117 3026 3163 est
3060 3108 3295 3163 frontem
3345 3109 3623 3173 ambiens,
3657 3124 3818 3178 quem
3861 3123 3961 3176 ge-

713 3196 827 3235 rem
859 3183 911 3235 iu
946 3184 1302 3237 coronatione
1342 3184 1621 3241 observari
1659 3199 2004 3256 consuetum,
2030 3205 2190 3260 quem
2247 3207 2276 3244 a

713 3274 923 3328 Codino
950 3277 1214 3330 omissum
1249 3277 1497 3339 mirarer,
1534 3280 1637 3333 nisi
1686 3281 1885 3335 scirem
1917 3283 1965 3336 ei
2001 3298 2107 3336 non
2144 3283 2279 3337 fuis-

714 3382 773 3421 se
806 3370 1144 3436 propositum
1178 3368 1429 3421 omniain
1476 3368 1685 3425 litteras
1738 3372 1965 3427 referre.
2007 3372 2085 3427 Ita
2147 3391 2279 3445 ergo

716 3460 1010 3514 Datniauus
1052 3478 1064 3513 :
1091 3460 1243 3527 Apud
1261 3458 1470 3514 Grmcos
1492 3464 1601 3516 hac
1633 3468 1794 3518 teneri
1816 3466 2134 3519 consuetudo
2159 3483 2281 3534 per-

714 3554 940 3615 hibetur,
969 3564 1022 3604 ut
1046 3569 1161 3604 cum
1194 3556 1482 3620 imperator
1512 3557 1629 3625 quis
1668 3558 1724 3609 in
1744 3558 2007 3627 dignitate
2047 3571 2279 3627 creatur,

714 3662 838 3701 mox
864 3656 919 3698 ut
955 3645 1321 3714 imperialibus
1346 3646 1508 3715 fuerit
1536 3648 1723 3717 infulis
1749 3652 2044 3715 redimitus,
2077 3669 2283 3707 corona:

715 3742 872 3793 sintut
898 3754 961 3791 ac
990 3739 1179 3803 sceptri
1217 3738 1388 3806 gloria
1419 3736 1714 3806 decoratus,
1749 3756 1863 3793 cum
1895 3743 2117 3810 denique
2161 3760 2284 3812 pro.

717 3848 892 3885 rerum
925 3834 1153 3884 uallatur
1171 3830 1450 3900 obsequiis,
1486 3847 1603 3885 cum
1634 3835 1895 3901 excipitur
1959 3838 2284 3889 modulanti-

718 3927 811 3978 bus
832 3924 1167 3993 psallentium
1192 3924 1385 3986 choris,
1407 3925 1620 3992 quidam
1640 3925 1740 3977 sibi
1773 3937 1967 3994 prwsto
2002 3929 2062 3995 ﬁt
2085 3930 2281 3996 obvius,

716 4020 806 4088 qui
840 4018 1074 4072 uidelicet
1115 4032 1217 4068 una
1239 4032 1395 4068 manu
1429 4016 1691 4069 vasculum
1720 4018 1928 4085 plenum
1959 4031 2286 4074 mortuorum

718 4111 882 4181 369
907 4112 1107 4163 ossibus
1130 4125 1190 4161 ac
1218 4110 1516 4175 pulveribus
1539 4110 1752 4177 θίγεν-αι,
1781 4112 1835 4163 in
1855 4114 1965 4164 alia
1997 4130 2111 4165 vero
2146 4125 2289 4181 stup-

719 4219 840 4269 pam
866 4202 962 4254 lini
990 4199 1252 4253 subtiliter
1274 4216 1461 4266 pexam
1492 4216 1554 4253 ac
1584 4201 1706 4269 pilis
1737 4203 2023 4269 pensilibus
2059 4204 2290 4259 molliter

720 4295 1045 4356 demolitam,
1085 4294 1169 4345 cui
1194 4294 1441 4360 protinus
1472 4294 1607 4363 ignis
1646 4294 1944 4359 adhibetur,
1977 4306 2025 4349 et
2085 4308 2291 4363 repente

721 4390 777 4442 in
805 4390 911 4440 ictu
943 4386 1082 4438 oculi
1118 4385 1341 4451 ﬂamma
1376 4386 1548 4437 subito
1584 4395 1801 4439 rorante
1844 4391 2199 4450 consumitur,
2234 4397 2290 4439 ut

2383 3199 2518 3251 mini
2578 3198 2864 3268 hemicycli
2913 3214 3146 3268 superne
3173 3200 3227 3253 in
3256 3214 3478 3254 crucem
3536 3199 3640 3253 acti
3665 3208 3960 3253 exornant.

2383 3287 2559 3343 Radix
2613 3291 2777 3346 unius
2832 3291 2885 3345 in
2943 3291 3122 3345 fronte
3176 3300 3261 3346 est
3306 3292 3435 3346 etin
3476 3290 3729 3360 occipite,
3791 3305 3959 3359 supra

2384 3388 2672 3448 utramque
2744 3395 2929 3434 aurem
2984 3380 3262 3433 alterius:
3303 3380 3375 3434 ita
3440 3390 3679 3448 quatuor
3709 3377 3954 3432 fornices

2380 3476 2715 3538 exsurgunt:
2745 3468 2971 3538 καμάρα.
2996 3469 3137 3522 enim
3164 3466 3458 3537 hemicycli
3485 3482 3610 3536 pars
3638 3476 3722 3521 est
3758 3468 3958 3520 media.

2386 3560 2600 3629 Imperii
2652 3559 2996 3615 Francorum
3040 3573 3328 3614 successor
3376 3560 3670 3629 delphinus
3696 3573 3961 3613 coronam

2384 3660 2557 3721 gestat
2611 3652 2820 3705 duobus
2863 3651 3171 3706 istiusmodi
3229 3651 3554 3719 hemicyclia
3624 3649 3681 3703 in
3735 3664 3959 3704 erucem

2386 3743 2713 3798 transversis
2753 3742 3020 3813 insignem
3078 3753 3131 3795 et
3151 3742 3411 3809 καμάρας
3446 3739 3653 3810 μικρὰς
3684 3741 3963 3810 τέσσαρας

2386 3838 2635 3906 ἔχουσαν.
2692 3833 2933 3890 Consule
2992 3832 3230 3888 Marcum
3270 3831 3591 3886 Vulsonium
3625 3834 3679 3885 ln
3716 3831 3963 3886 Scientia

2388 3928 2627 3982 heroica.
3748 3930 3753 3933 '

2458 4020 2620 4089 370
2648 4018 2783 4071 Ibid.
2806 4016 3207 4089 [Ἕμπροσθεν
3232 4016 3438 4079 μόνον.
3458 4014 3753 4086 Hemicycli
3787 4016 3967 4069 nimi-

2390 4126 2511 4164 rum
2548 4120 2753 4178 partem
2799 4110 3032 4162 mediam
3067 4108 3271 4162 circulo
3343 4109 3397 4161 in
3436 4107 3615 4163 fronte
3644 4109 3967 4178 prominen-

2393 4212 2527 4257 tcm.
2564 4199 2762 4272 Genu]

2466 4288 2605 4343 Ibid.
2662 4288 3203 4360 Stemmatogyrium,
3247 4304 3278 4344 a
3314 4298 3602 4344 stemmate
3650 4290 3863 4344 scilicet
3912 4300 3971 4344 et

2396 4380 2569 4448 gyris,
2624 4380 2825 4447 quibus
2849 4381 3165 4434 consmbat.
3201 4378 3399 4434 Junius
3434 4389 3679 4450 gyratam
3712 4396 3967 4434 coronam

722 4482 778 4534 in
822 4481 986 4533 altero
1033 4479 1213 4531 debeat
1264 4475 1599 4531 considerare
1643 4478 1780 4546 quod
1834 4489 1932 4543 est,
2006 4480 2061 4531 in
2126 4480 2292 4531 altero
2327 4455 2564 4525 Duocat.
2601 4471 2805 4524 Ges-rs.

722 4573 894 4627 valeat
987 4571 1159 4624 videre
1246 4570 1384 4640 quod
1437 4568 1612 4632 habet,
1684 4570 1737 4621 in
1796 4570 2057 4622 cineribus
2116 4572 2285 4639 siqui-

722 4666 841 4719 dem
899 4680 950 4717 se
1000 4664 1221 4715 cinerem
1277 4662 1630 4729 recognoscit;
1683 4662 1945 4728 instuppa
2003 4662 2116 4729 jam
2177 4665 2290 4715 col-

725 4758 837 4824 ligit
862 4756 914 4808 in
945 4754 1030 4807 die
1049 4754 1242 4822 judicii
1263 4768 1423 4821 quam
1443 4754 1613 4804 subito
1634 4753 1861 4805 mundus
1882 4754 2125 4814 ardebit;
2158 4770 2292 4823 qua-

728 4862 900 4910 tenus,
919 4853 1037 4901 dum
1059 4866 1109 4901 se
1130 4847 1289 4901 simul
1319 4862 1381 4900 ac
1410 4862 1508 4899 sua
1546 4856 1654 4898 tam
1684 4862 1841 4910 vana,
1870 4854 1977 4898 tam
2006 4847 2292 4916 ﬂoccipen-

721 4942 897 4995 denda
927 4940 1242 5000 considerat,
1295 4938 1357 4991 de
1420 4936 1712 5003 imperialis
1765 4938 2010 4991 culminis
2076 4956 2292 4993 ascenso

726 5032 940 5102 fastigio
976 5030 1276 5082 nullatenus
1339 5028 1672 5093 insolescat;
1744 5038 1793 5081 et
1848 5029 1969 5081 dum
2027 5047 2295 5098 possessor

726 5134 879 5190 atque
912 5120 1173 5189 possessio
1216 5120 1483 5187 subjacere
1528 5120 1793 5171 communi
1843 5121 2082 5172 omnium
2149 5124 2296 5175 casui

730 5231 831 5268 non
884 5212 1188 5281 ambigitur,
1235 5212 1352 5280 jam
1402 5212 1556 5280 quasi
1594 5211 1657 5263 de
1709 5211 1966 5280 singulari
1998 5214 2295 5281 dignitatis

730 5310 894 5374 apice.
926 5306 1014 5375 qui
1065 5306 1132 5357 ad
1182 5320 1389 5357 summa
1434 5314 1705 5370 provectus
1732 5312 1828 5365 est,
1891 5320 1993 5355 non
2062 5306 2293 5373 inﬂetur.

738 5400 1021 5453 Pulchrum
1049 5414 1169 5466 ergo
1206 5398 1488 5449 mundana
1512 5396 1835 5448 conditionis
1882 5396 2118 5449 ordinem
2144 5395 2297 5447 homo

734 5497 1044 5554 consideret,
1080 5504 1126 5546 et
1150 5494 1273 5544 dum
1306 5492 1415 5543 suis
1448 5489 1625 5541 usibus
1660 5490 1835 5541 omnia
1864 5490 2027 5541 cernit
2051 5491 2297 5551 attribui,

737 5605 839 5642 non
879 5586 974 5639 sibi
1004 5586 1091 5637 sed
1118 5598 1209 5636 suo
1242 5582 1431 5650 referat
1480 5582 1682 5649 gratias
1740 5581 2045 5645 conditori;
2103 5582 2301 5633 lenoci-

737 5689 947 5734 nantem
976 5678 1155 5731 mundi
1178 5675 1401 5745 gloriam
1458 5675 1550 5726 sub
1578 5673 1770 5739 judicii
1800 5674 1880 5724 sui
1908 5672 2141 5725 calcibus
2212 5674 2299 5725 de.

732 5769 951 5839 primat,
983 5770 1200 5822 virorem
1232 5765 1406 5821 carnis
1438 5763 1640 5817 aridum
1665 5761 1779 5829 jam
1811 5761 2067 5828 pulverem
2097 5763 2297 5827 credat,

2466 4560 2602 4615 Ibid.
2641 4559 2973 4631 [Coronariaz
3008 4561 3249 4631 cujusvis
3284 4563 3550 4619 machina:
3578 4562 3819 4618 circulus
3850 4564 3971 4634 pla-

2390 4666 2494 4707 nus
2521 4654 2660 4707 solet
2698 4661 2819 4708 esse
2848 4655 3018 4720 basis,
3048 4671 3169 4724 quae
3198 4655 3397 4720 κύκλος
3427 4656 3509 4710 vel
3540 4657 3711 4725 γῦρος
3750 4672 3975 4711 nuncu-

2390 4748 2589 4814 panda.
2616 4747 2869 4801 Circulus
2898 4749 2988 4803 ille
3021 4751 3210 4804 eodem
3246 4765 3409 4819 opere
3446 4751 3969 4820 conﬂatus,parque

2393 4838 2786 4905 conspicienda
2821 4839 2875 4891 in
2905 4839 3248 4907 imperatoris
3272 4841 3612 4910 praclariori
3652 4853 3970 4907 stemmate,

2396 4928 2877 4997 στεμματογύριον
2907 4939 3009 4995 est,
3037 4930 3193 4999 quasi
3221 4930 3426 4993 nudus,
3464 4930 3583 4985 solo
3617 4930 3975 4986 semifornice

2395 5017 2675 5085 adjuncto,
2730 5020 3031 5073 stemmatis
3062 5020 3302 5074 circulus
3337 5039 3351 5075 :
3380 5021 3601 5089 στέμμα
3622 5036 3751 5074 vero
3779 5024 3975 5090 praeci-

2397 5125 2559 5178 puum
2586 5121 2669 5163 est
2697 5112 3043 5179 imperatoris
3070 5112 3303 5180 insigne.
3337 5110 3513 5166 Iniere
3537 5111 3654 5180 ejus
3679 5125 3775 5164 ora
3810 5128 3976 5179 στεμ-

2400 5203 2717 5271 ματογυρεῳ
2747 5204 2997 5256 vallatur.
3034 5202 3195 5256 Parte
3259 5203 3419 5257 fronti
3466 5204 3813 5272 superposita
3850 5220 3974 5273 ger-

2398 5292 2610 5345 minant
2666 5293 2995 5348 semicirculi
3033 5294 3162 5354 duo,
3205 5296 3260 5347 in
3315 5294 3421 5347 ima
3474 5309 3636 5363 quam
3666 5295 3719 5348 in
3773 5310 3974 5363 supera

2400 5394 2571 5452 parte,
2601 5399 2705 5451 qua
2738 5383 3015 5437 declinant
3046 5386 3112 5439 ad
3146 5385 3306 5450 latus,
3334 5385 3767 5454 conjunctiores.
3794 5388 3973 5456 Στεμ-

2404 5477 2741 5546 ματογύριον
2796 5493 2949 5546 teque
3009 5492 3073 5531 ac
3121 5479 3492 5545 prominentes
3546 5479 3974 5533 semicirculicx

2402 5570 2617 5622 metallo
2647 5570 2937 5639 fabrilique
2970 5586 3137 5640 opere
3169 5571 3423 5625 videntur
3451 5569 3726 5637 confecti;
3761 5577 3984 5626 velant-.

2402 5679 2507 5731 que
2555 5662 2778 5729 pileum,
2824 5672 2878 5715 at
2928 5678 3035 5715 non
3078 5678 3246 5733 supra
3304 5678 3488 5727 aures,
3545 5664 3630 5718 vel
3653 5665 3834 5734 spatio
3865 5679 3984 5733 quo

2406 5760 2673 5815 dissident
2726 5760 2794 5814 ab
2825 5760 3077 5829 invicem,
3111 5759 3203 5817 ubi
3241 5758 3436 5831 pileus,
3466 5760 3602 5837 sicut
3630 5770 3681 5816 et
3715 5760 3818 5831 ipsi
3848 5767 3975 5818 cum
