4224 6450
253 368 361 432 413

1313 384 1694 452 GRETSERI
1737 392 1835 453 ET
1880 394 2117 458 GOARl
2153 398 2389 461 NOTIE.

3400 406 3504 470 414

250 487 461 588 circulo
484 488 765 588 inferiore,
790 493 991 563 lapillis
1014 498 1355 569 gemmisque
1374 514 1651 561 coruscat.
1679 506 1827 563 Pene
1855 518 1902 574 Α
1933 516 2095 571 modo
2122 516 2293 573 dixit:
2325 525 2379 571 at
2407 516 2495 573 ille
2515 516 2668 572 color
2705 516 2968 588 ἠεράνεος
3010 516 3155 573 inter
3208 519 3500 574 caruleum

249 595 337 635 me
361 580 579 653 fugerat
603 585 923 654 explicanda
958 590 1083 657 pilei
1115 590 1294 646 forma
1347 597 1603 662 rotunda,
1633 613 1824 654 verum

249 674 315 727 ad
338 673 517 729 latera
541 678 789 732 nonnihil
820 680 995 745 latior,
1028 683 1100 737 ob
1117 694 1472 754 conspectum
1513 689 1747 759 lapidem
1768 692 1824 747 in

248 767 368 836 ejus
400 769 603 825 vertice
633 772 925 842 insignem,
966 777 1102 830 adeo
1134 785 1192 831 ut
1218 778 1442 835 verticis
1465 781 1634 839 decus
1660 799 1825 841 omne

248 862 599 926 quantumvis
628 862 883 931 exiguum
913 866 981 920 ab
1008 867 1100 921 illo
1128 870 1369 926 moderni
1392 872 1564 929 Grcci
1604 877 1823 947 στέμμα

249 951 625 1017 denominent,
658 956 813 1024 quasi
835 957 1000 1013 fuerit
1029 961 1344 1029 στέμματος
1369 964 1544 1033 ipsius
1567 968 1816 1039 στέμμα.

247 1043 471 1115 Percipe
526 1061 589 1100 es
629 1047 747 1103 istis
781 1049 1065 1120 lugothetze
1125 1054 1332 1109 verba:
1359 1057 1449 1109 Τὰ
1483 1059 1591 1128 μὴν
1612 1061 1820 1132 ἐρυθρὰ

247 1135 440 1191 πέδιλα
467 1138 777 1193 άπεδάλετο
811 1144 905 1196 καὶ
928 1145 1029 1211 τὴν
1054 1131 1476 1219 περιμάργαρον
1505 1131 1817 1224 πυραμίδα,

252 1229 322 1289 ι’ίς
352 1228 420 1311 ἢν
448 1229 544 1281 καὶ
566 1229 713 1293 λίθος
748 1231 1130 1303 ὑπερκάθηται
1172 1238 1448 1305 κόκκινος,
1484 1240 1520 1295 ἃ
1563 1241 1817 1311 βασιλικὰ

209 1305 220 1325 ’
254 1309 514 1389 ιύμδολα.
569 1322 939 1380 Cantacuzeni
991 1342 1243 1398 quoque,
1290 1346 1330 1398 ι,
1372 1332 1405 1386 3
1439 1351 1451 1387 :
1494 1305 1695 1390 Είσιὼν
1723 1337 1816 1390 τοῦ

206 1472 220 1496 ἱ
254 1412 489 1465 >ίκίσκου
521 1413 620 1483 τὴν
662 1416 830 1485 θύραν
882 1420 946 1471 ὲκ
971 1422 1277 1490 μαρμάρων
1305 1417 1475 1477 οὖσαν
1513 1426 1613 1494 τὴν
1655 1427 1816 1494 φλιάν

213 1515 216 1517 ‘
254 1504 607 1574 ἡρμοσμένην
643 1509 963 1577 συμδέὸηκε
999 1512 1091 1563 τὸν
1122 1514 1214 1564 ἐπὶ
1249 1515 1348 1582 τῆς
1381 1516 1627 1587 κεφαλῆς
1672 1518 1817 1573 λίθον

254 1593 319 1663 τῷ
348 1599 627 1666 μαρμάρῳ
662 1603 1174 1673 προσαρραχθῆναι.

317 1686 378 1740 Ρ.
408 1689 528 1744 101.
568 1689 673 1761 [Τὰ
690 1692 801 1760 γὰρ
833 1699 1059 1750 παλαιὰ
1077 1697 1345 1766 ζητεῖται.
1370 1702 1477 1758 Nec
1509 1705 1813 1772 immerito;

252 1778 330 1832 vix
361 1782 506 1861 enim
541 1782 645 1836 sub
693 1783 894 1841 favillis
917 1790 1152 1856 exiguus
1182 1794 1409 1849 ardebat
1442 1798 1682 1865 primaevi
1715 1804 1813 1855 de-

1928 616 1981 663 et
2002 608 2228 664 viridem
2261 610 2477 665 medius
2501 617 2606 665 est.
2629 608 2849 665 Nicetas
2881 612 3143 681 γεράνεον
3173 612 3363 666 scribit
3390 611 3495 666 lsa«

1928 700 2011 756 aci
2050 701 2241 772 Augeli
2281 702 2298 755 l
2345 708 2416 756 ιε’
2450 701 2823 773 Ἦρπάγησαν
2855 701 3010 769 παρὰ
3059 702 3169 754 τῶν
3207 701 3499 771 βαρϐάρων

1928 797 1983 850 αί
2015 795 2276 850 κατοῢναι
2310 796 2480 849 πᾶσαι
2511 798 2604 863 καὶ
2637 800 2702 849 τά
2734 798 3018 865 χρυσοῦφῆ
3050 796 3339 867 ροῦχα.τοῦ
3360 799 3498 850 Καί·

1928 906 2109 958 σαρος,
2163 889 2231 943 τὰ
2281 888 2419 957 μετὰ
2482 887 2590 940 τῶν
2642 888 2923 959 γερανέων
2968 890 3278 958 χρωμάτων
3339 906 3501 960 σεση·

1928 981 2234 1050 μειωμένα.

1993 1072 2135 1128 Ibid.
2164 1071 2292 1145 [Εῖς
2314 1074 2457 1139 τοὺς
2486 1071 2687 1126 αὐτῶν
2712 1072 2942 1137 οἷκουζι.
2963 1071 3129 1127 Miror
3159 1071 3223 1126 ad
3254 1072 3499 1141 proprias

1922 1167 2136 1232 domos,
2166 1182 2275 1221 non
2308 1168 2373 1221 ad
2404 1150 2719 1229 ecclesiam,
2762 1180 2952 1233 preces
2989 1179 3086 1233 pro
3118 1164 3373 1233 imposita
3418 1164 3497 1218 di-

1921 1260 2145 1330 gnitate,
2184 1275 2291 1329 quo
2337 1257 2513 1314 fausta
2559 1257 2876 1328 reipublicae
2938 1253 3175 1327 felixque
3225 1242 3497 1319 evaderet,

1921 1362 2276 1421 suscepturus
2314 1351 2583 1405 Casarem
2636 1358 2690 1403 ct
2742 1349 3179 1404 sebastocratora
3232 1348 3497 1401 deductos

1919 1450 2196 1497 auctorem
2239 1443 2546 1510 scripsisse.
2577 1440 2750 1495 Tanta
2803 1455 3041 1506 namque
3089 1440 3353 1511 religione
3392 1439 3498 1492 im-

1918 1535 2093 1603 posita
2130 1533 2233 1588 sibi
2263 1535 2445 1587 munia
2474 1533 2728 1587 subibant
2774 1532 2938 1584 aulici
2967 1529 3101 1591 CP.,
3136 1540 3195 1582 ut
3230 1530 3318 1583 illa
3358 1544 3501 1583 non-

1916 1625 2020 1681 nisi
2054 1626 2252 1694 pmvia
2305 1624 2550 1694 episcopi
2601 1623 2685 1676 vel
2751 1622 3074 1690 patriarchae
3121 1622 3498 1676 benedictione

1917 1720 2353 1787 auspicarentur.
2378 1715 2515 1770 llinc
2536 1714 2917 1782 Euchologica:
2941 1714 3219 1800 orationes
3249 1716 3340 1765 ἐπὶ
3361 1731 3497 1784 προ-

1915 1811 2145 1880 χειρίσει
2171 1808 2469 1878 Καίσαρος,
2499 1806 2919 1873 νωὸελισσίμου,
2961 1805 3396 1875 κουροπαλάτου.
3428 1822 3494 1861 ac

243 1873 385 1925 coris
416 1873 705 1943 igniculus,
747 1877 1084 1949 despotaque
1125 1886 1549 1943 sebastocratori
1584 1901 1638 1944 et
1665 1903 1813 1947 utro-

1918 1873 2332 1970 ίπῖπροαγωγῇ
2353 1873 2632 1968 άρχόντων
2659 1898 2782 1965 ἢτοι
2820 1873 3152 1965 πατρικίων,
3187 1896 3315 1951 alia.
3353 1895 3492 1952 Hinc

242 1978 347 2032 que
367 1963 569 2021 Caesari
608 1972 858 2036 praelato,
899 1975 1115 2029 nonnisi
1151 1979 1388 2035 nominis
1434 1989 1488 2035 et
1516 1982 1811 2053 insignium

241 2071 355 2113 erat
384 2060 511 2115 huic
535 2073 809 2130 postremo
839 2067 1095 2135 dignitas.
1119 2070 1355 2143 insignia
1390 2090 1518 2129 vero
1534 2076 1647 2130 haec
1682 2078 1811 2131 ulti-

242 2152 343 2207 mis
375 2156 714 2223 temporibus
750 2161 889 2213 adeo
928 2176 1049 2215 rara
1078 2176 1402 2232 supererant
1433 2178 1492 2221 ut
1522 2184 1645 2223 vere
1671 2171 1812 2239 apud

238 2243 692 2303 Nicetamlsaacii
726 2253 937 2321 Angeli,
964 2254 1001 2306 l.
1038 2270 1073 2308 ιι
1109 2254 1397 2313 Conradus
1415 2258 1596 2314 Caesar
1620 2277 1812 2331 ειμι-ου

238 2339 376 2404 bret,
412 2343 493 2404 εἰς
524 2344 683 2410 μόνον
712 2345 770 2396 τὸ
800 2348 872 2415 μὴ
901 2350 1013 2410 τοῖς
1044 2349 1264 2413 πολλοῖς
1293 2354 1621 2422 ὁμόχρωμον
1678 2354 1814 2407 ὑπό-

238 2435 384 2504 δημα
408 2438 503 2491 τοῦ
536 2440 698 2503 ποδὸς
726 2442 788 2493 τὸ
822 2442 930 2496 τῶν
960 2446 1258 2516 Καισάρων
1293 2448 1625 2519 παράσημον
1646 2468 1812 2504 κατα-

238 2527 421 2595 λῆξαι.
488 2530 798 2590 Vetustiora
831 2537 1107 2593 Caesarum
1137 2541 1368 2610 insignia
1401 2543 1632 2612 legimus
1666 2545 1809 2614 apud

238 2623 657 2693 Theophanem:
709 2629 848 2691 Τοὺς
893 2631 1044 2693 υίοὺς
1087 2633 1251 2685 αὑτοῦ
1299 2636 1675 2705 Χριστοφόρον
1715 2639 1808 2690 καὶ

238 2716 555 2788 Νικηφόρον
592 2721 934 2789 προεϐάλετο
995 2725 1302 2795 Καίσαρας,
1337 2728 1433 2780 τοῦ
1462 2731 1808 2798 πατριάρχου

239 2810 570 2875 ποιήσαντος
598 2814 793 2883 εὐχὴν,
827 2817 923 2875 υἱ
949 2817 1043 2868 τοῦ
1079 2817 1350 2886 βασιλέως
1399 2821 1685 2883 ιπιθέντος
1712 2826 1809 2874 αὑ-

234 2906 342 2963 τοῖς
366 2904 462 2965 τάς
491 2920 549 2955 τε
572 2904 793 2973 χλαίνας
820 2909 913 2959 καὶ
936 2910 1000 2962 τὰ
1028 2911 1363 2978 Καισαρίκια
1383 2915 1804 2982 περικεφάλαια.

246 2993 520 3057 Ὡσαύτως
548 2998 642 3050 καὶ
694 2996 936 3067 Νικήταν
968 3001 1058 3052 τὸν
1094 3000 1322 3072 ἔσχατον
1362 3005 1600 3073 ἀδελφὸν
1631 3007 1808 3061 αὐτῶν

236 3090 468 3157 ποιήσας
496 3090 905 3159 νωσελίσσιμον,
936 3094 1207 3164 ἐπέθηκεν
1246 3097 1396 3168 αὑτῷ
1423 3098 1643 3166 χλαῖναν
1672 3118 1808 3170 χρυ-

235 3182 336 3249 σῆν
383 3181 597 3233 καὶτὸν
637 3184 925 3251 στέφανον.
962 3187 1069 3238 Καὶ
1103 3187 1245 3240 οὕτω
1276 3189 1550 3267 προῆλθον
1589 3192 1805 3260 ῥίπτον-

1919 1995 2116 2049 iterum
2148 1994 2335 2047 videas
2372 1992 2513 2060 apud
2540 1988 2848 2043 Cedrenum
2889 1990 2941 2041 in
2968 1988 3332 2042 Constantino
3352 1988 3492 2043 Leo-

1916 2089 2002 2141 nis
2038 2085 2098 2139 F.
2127 2083 2617 2153 patriciidignitate
2642 2090 2954 2152 provectum
2981 2086 3273 2150 quemdam
3306 2081 3494 2135 conie-

1917 2180 2040 2235 stim
2064 2175 2414 2239 κατελθόντα,
2434 2177 2507 2239 ὡς
2535 2175 2678 2239 ἔθος,
2697 2176 2882 2228 λαὸεῖν
2911 2176 3096 2245 εὐχήν.
3120 2174 3224 2229 Sed
3247 2184 3301 2229 et
3324 2189 3492 2245 supe-

1916 2274 2089 2326 riores
2120 2269 2468 2340 magistratus
2492 2269 2613 2322 aliis
2640 2268 2871 2322 subditis
2894 2268 3095 2321 nullam
3129 2266 3494 2322 conferebant

1914 2372 2235 2435 potestatem
2265 2362 2396 2432 quin
2419 2376 2537 2415 eam
2563 2376 2725 2415 cruce
2746 2360 2887 2414 facta
2904 2362 3327 2413 committerent.
3363 2359 3491 2415 inde

1902 2458 2007 2510 τοῦ
2027 2454 2313 2525 σφραγίζω
2333 2454 2479 2508 verbi
2515 2468 2708 2507 novam
2744 2451 3012 2520 percipies
3044 2450 3488 2519 signiﬁcantium,

1915 2559 2020 2615 Qa
2044 2546 2153 2599 .tibi
2184 2543 2464 2599 saecularis
2500 2542 2851 2612 magistratus
2876 2553 3037 2593 cruce
3070 2538 3211 2593 facta
3244 2540 3492 2607 designa-

1914 2648 2003 2693 tur
2030 2638 2319 2693 institutio.
2348 2636 2620 2690 Blastares
2648 2633 2745 2686 τοῦ
2769 2632 3031 2701 στοιχείου
3065 2631 3110 2684 Κ
3129 2648 3179 2687 c.
3206 2632 3275 2686 52
3300 2651 3313 2685 :
3349 2633 3490 2695 Τοὺς

1913 2731 2246 2801 συνηγόρους
2269 2729 2487 2798 φησὶνὴ
2520 2732 2618 2790 πς¹
2650 2725 2821 2794 νεαρὰ
2844 2723 2938 2777 τοῦ
2964 2723 3233 2793 βασιλέως
3261 2724 3491 2785 Λέοντος

1910 2823 2033 2884 τοὺς
2056 2823 2112 2875 ὲν
2164 2820 2461 2881 πολιτικοῖς
2512 2820 2885 2887 τεταγμένους
2959 2816 3336 2885 δικαστηρίοις
3392 2815 3487 2868 καῖ⁸

1910 2914 2015 2966 ὖπδ
2044 2912 2472 2984 πριμμικηρίοις
2508 2910 2670 2972 ὄντας
2708 2912 2806 2962 καὶ
2839 2909 2945 2961 ὑπὸ
2976 2906 3259 2976 κοσμικῶν
3289 2908 3486 2976 ἀρχόν-

1908 3022 2016 3058 των
2044 3002 2543 3073 σφραγιζομένους.
2579 3001 2779 3055 Eadem
2801 3014 3019 3068 quoque
3042 3014 3179 3052 voce
3210 3006 3486 3051 monaste-

1909 3097 1976 3151 rii
2034 3096 2270 3165 prtefecti
2328 3096 2550 3149 denotat
2608 3093 3009 3147 institutionem
3061 3090 3319 3146 Germani
3384 3105 3486 3158 pa-

1912 3188 2167 3241 triarcha:
2229 3187 2507 3241 decretum
2565 3183 2712 3238 Juris
2773 3183 2916 3246 ϐῐὶ..
2982 3184 3157 3245 1.ιιι,
3204 3198 3270 3252 -p.
3323 3182 3481 3236 234:

230 3288 322 3334 τες
374 3272 612 3341 βασιλεῖς
668 3274 957 3340 ὑπατείαν,
993 3281 1284 3347 τριμείσια
1310 3281 1407 3334 καὶ
1433 3282 1681 3350 σιμείσια
1705 3285 1801 3337 καὶ
1835 3272 1878 3290 ”
1909 3282 2051 3345 Τοὺς
2074 3281 2412 3352 ἡγουμένους
2438 3279 2491 3330 δὲ
2528 3277 2622 3341 οὒς
2662 3281 2689 3329 6
2724 3275 3131 3347 μητροπολίτης
3168 3275 3481 3345 προεχειρί-

232 3365 544 3435 νομίσματα
578 3369 924 3437 καινούργια,
950 3371 1056 3435 ἕως
1083 3374 1182 3442 τῆς
1206 3374 1451 3444 μεγάλης
1474 3375 1796 3445 ἐκκλησίας.

230 3453 586 3521 Nobilissimi,
624 3458 690 3512 de
721 3474 828 3528 quo
869 3462 1084 3517 locutus
1107 3472 1189 3518 est
1234 3463 1614 3534 Theophanes,
1654 3468 1801 3520 anti-

230 3557 396 3616 quata
418 3547 527 3615 jam
559 3559 674 3604 erat
707 3551 897 3607 Codini
924 3561 1162 3622 tempore
1187 3557 1472 3610 memoria.
1505 3560 1582 3611 Ad
1621 3559 1802 3613 Caesa-

230 3651 344 3689 rem
382 3637 567 3691 redeat
590 3654 792 3701 sermo,
821 3657 981 3712 quem
1012 3643 1324 3709 imperatori
1348 3647 1617 3700 assedisse
1637 3647 1802 3701 refert

230 3726 612 3798 Theophanes.
632 3731 957 3786 Βασιλίσκον
986 3735 1077 3787 τὸν
1106 3736 1398 3806 Ἀρματίου
1422 3738 1532 3789 υἱὸν
1562 3739 1801 3807 προϐάλ-

227 3819 382 3873 λεται
416 3822 441 3872 6
489 3824 676 3893 Ζήνων
706 3825 994 3896 Καίσαραο
1029 3828 1123 3880 καὶ
1175 3830 1531 3883 συνεκάθισεν
1560 3832 1709 3902 αὐτῷ
1741 3834 1799 3885 ὲν

227 3918 304 3987 τῷ
337 3918 541 3988 σήνσῳ,
575 3922 667 3973 καὶ
704 3921 864 3987 ἐτίμα
896 3923 1020 3983 τοὺς
1049 3923 1294 4001 ᾐνιόχους
1331 3926 1425 3977 σὺν
1452 3925 1529 3994 τῷ
1562 3927 1795 3994 βασιλεῖ,

226 4022 292 4061 eo
326 4008 473 4076 quod
505 4008 558 4061 in
590 4007 750 4064 Circo
777 4022 1126 4079 perageretur
1159 4012 1272 4080 ejus
1308 4017 1595 4083 promotio,
1631 4018 1690 4068 ἐν
1721 4016 1797 4085 τῷ

226 4098 432 4165 σήνσῳ,
462 4098 516 4149 in
539 4099 791 4163 sessione,
817 4100 945 4155 alibi
974 4101 1222 4169 κάθισμα
1272 4102 1363 4155 τοῦ
1408 4104 1793 4175 Ἱπποδρομίου

224 4198 443 4253 vocato,
489 4205 538 4243 c.
578 4190 667 4255 l7,
746 4202 879 4247 nota
914 4196 978 4248 ad
1010 4209 1061 4261 p.
1102 4192 1189 4249 90.
1245 4194 1471 4248 Bardam
1521 4197 1791 4251 Casarem

226 4290 469 4335 creatum
507 4299 762 4339 nummos
794 4286 845 4338 in
883 4287 1140 4355 pupulum
1178 4288 1445 4356 sparsisse
1464 4289 1654 4342 scribit
1684 4290 1793 4344 Leo

223 4370 629 4430 Grammaticus
674 4375 728 4429 in
773 4376 1035 4432 Michaele
1068 4377 1392 4448 Theophili:
1424 4380 1794 4451 Προδάλλεται

221 4461 447 4534 Μιχαὴλ
474 4464 692 4533 Βάρδαν
725 4466 871 4521 θεῖον
912 4469 1076 4522 αὐτοῦ
1103 4472 1374 4539 Καίσαρα,
1406 4471 1464 4535 6;
1498 4472 1591 4524 ἐπὶ
1615 4474 1796 4542 ἆρμα-

1908 3388 2040 3424 σατο
2069 3373 2150 3433 είς
2178 3371 2247 3423 τά
2271 3369 2630 3438 μοναστήρια,
2691 3366 2905 3430 ἐξέσται
2962 3382 3044 3417 σοι
3096 3364 3479 3442 παραστεῖλαι,

1905 3464 1999 3515 καὶ
2024 3462 2346 3533 άνθετέρους
2376 3460 2695 3531 σφραγίσαι,
2750 3460 2798 3511 εί
2836 3459 2910 3528 μή
2963 3475 3080 3520 πως
3108 3456 3330 3523 ἀρεστοί
3396 3471 3479 3507 σοι

1904 3555 2138 3607 δοκῶσιν
2171 3556 2219 3607 οἱ
2262 3553 2821 3625 προεσφραγισμένοι.
2854 3550 3186 3619 Ἡγουμένου
3207 3548 3476 3616 σφραγῖδα

1904 3646 2038 3716 legis
2068 3662 2122 3716 p.
2153 3661 2275 3716 sqq.
2330 3655 2442 3699 tum
2472 3646 2699 3715 sparsim
2740 3644 2794 3697 in
2829 3642 3019 3697 eodem
3052 3654 3235 3710 Opere.
3268 3637 3467 3709 Cosa]

2484 3759 2710 3815 CAPUT
2745 3757 2884 3811 XIV.

1907 3854 2311 3911 Observationes
2341 3862 2391 3907 et
2425 3851 2806 3971 explicatipnesl
2827 3851 2881 3901 in
2925 3865 2972 3902 c.
3005 3848 3098 3914 9.0,
3126 3847 3190 3901 de
3232 3845 3480 3901 electione

2547 3932 2781 3971 natrtarc
2804 3935 2888 3971 ιω.

2546 3932 2888 3991 ραινιαιτιιςε.

1972 4020 2115 4075 Ibid.
2141 4018 2355 4073 Titulus
2376 4014 2520 4070 Junii
2549 4022 2635 4071 est
2657 4014 2786 4084 περὶ
2801 4011 3157 4083 χειροτονίας.
3175 4011 3271 4065 Est
3294 4018 3474 4063 autem

1900 4112 2204 4165 chirotonia:
2226 4108 2574 4167 vocabulum,
2614 4116 2673 4160 ut
2698 4116 2749 4158 et
2777 4106 2837 4158 τὸ
2869 4104 3195 4175 χειροτονεῖν
3224 4112 3276 4157 et
3302 4118 3481 4171 χειροο

1899 4203 2192 4269 τονεῖσθαι,
2228 4202 2643 4271 homonymum,
2662 4198 2980 4268 signiﬁcans
3003 4195 3275 4251 interdum
3307 4196 3476 4262 ipsam

1898 4294 2349 4365 designationem,
2375 4293 2695 4347 electionem
2748 4301 2801 4345 et
2844 4288 3324 4347 renuntiationcm,
3378 4285 3477 4338 ali-

1898 4388 2114 4457 quando
2142 4386 2636 4447 consecrationem,
2664 4382 3087 4443 ordinationem,
3109 4379 3471 4432 initiationem

1898 4490 1951 4534 et
1972 4495 2185 4535 sacram
2208 4476 2709 4546 inaugurationem.
2751 4473 2932 4539 Quare
2982 4472 3274 4526 videndum
3311 4479 3471 4549 quem

220 4572 311 4617 τος
339 4557 630 4627 ἑποχηθεὶς
684 4560 885 4614 ἔδωκεν
912 4562 1176 4616 ὑπατείαν
1202 4566 1267 4634 τῇ
1311 4564 1479 4637 μέσῃ.
1517 4564 1796 4633 Scribitur

1895 4584 2115 4625 sensum
2145 4568 2248 4621 hoc
2281 4567 2362 4620 vel
2397 4566 2488 4620 illo
2521 4567 2640 4619 loco
2668 4565 2935 4619 dictiones
2956 4565 3072 4620 ista
3091 4555 3289 4616 ferant.
3318 4559 3474 4614 Errat

220 4648 366 4704 idem
429 4652 824 4718 συγκαθεσθεὶς
856 4654 934 4724 τῷ
972 4654 1202 4724 βασιλεῖ,
1253 4673 1321 4712 ac
1366 4659 1789 4727 pertransiensa

217 4743 431 4799 exteris
492 4748 913 4814 assurgentibus
976 4749 1250 4817 praecipuo
1310 4754 1515 4805 honore
1579 4738 1785 4806 cultus.

215 4834 408 4904 Βάρδα
432 4835 491 4889 δι
520 4835 616 4888 τοῦ
645 4837 928 4907 Καίσαρος
960 4841 1019 4892 ἐν
1045 4842 1111 4910 τῇ
1156 4840 1475 4909 προιλιύσει
1506 4841 1789 4912 διερχομέ-

212 4944 303 4981 νου
326 4928 462 4998 μιτὰ
478 4930 903 4999 σκαραμαγγίου
923 4932 1111 4998 όξιως,
1135 4933 1215 4996 είς
1234 4932 1295 4985 τὸ
1321 4934 1614 5002 ὡρολόγιον
1642 4933 1746 4987 καθ
1762 4963 1785 4974 -

211 5020 467 5090 σζόμινος
513 5022 788 5091 Δαμιανδς
832 5024 933 5076 οὐκ
995 5025 1282 5095 ἐπηγέρθη
1315 5026 1547 5096 τιμῆσαι
1581 5026 1780 5079 αὐτόν’

208 5111 401 5164 τοῦτον
433 5110 558 5164 ίδὼν
588 5113 616 5165 6
644 5114 862 5183 Καῖσαρ
898 5114 1153 5185 ἐθυμώθη
1177 5116 1329 5171 λίαν.
1359 5116 1555 5191 Gem]

274 5200 421 5256 Ibid.
456 5200 534 5255 De
562 5201 811 5259 Manuele
842 5213 895 5258 et
918 5204 1129 5259 Joanne
1156 5208 1349 5263 .tuoris
1382 5225 1495 5265 sum
1526 5213 1784 5271 fratribus

209 5292 439 5362 ipsemet
477 5293 913 5363 Cantacuzenus,
964 5313 1038 5363 tv,
1076 5300 1373 5361 5..’ibidem
1422 5301 1489 5355 de
1513 5303 1640 5359 liliis
1668 5306 1782 5361 suis

205 5384 377 5439 idem.
396 5384 609 5441 Manuel
628 5391 831 5443 Asanes
852 5390 1143 5457 aliquoties
1159 5393 1325 5447 etiam
1349 5406 1379 5447 a
1396 5392 1779 5451 Cantacuzeno

204 5478 510 5546 appellatur
546 5480 793 5545 despota.
826 5481 1033 5537 Csars.

270 5568 434 5639 37],
471 5568 610 5624 Ibid.
641 5569 764 5641 [Διὰ
796 5574 980 5626 λίθων
1000 5575 1317 5642 ἠρρανέων.
1346 5577 1482 5643 Quia
1516 5581 1659 5635 color
1691 5582 1780 5637 ille

200 5661 470 5731 ἠεράνεος
486 5662 801 5724 subviridis.
820 5665 886 5720 'de
906 5682 1012 5734 quo
1034 5683 1081 5721 c.
1101 5670 1153 5730 ὅ,
1175 5668 1406 5725 Caesaris
1430 5685 1513 5725 est
1546 5674 1775 5742 insigne,

201 5754 523 5821 περιϐόλου.
551 5755 805 5810 dicebant
825 5757 896 5810 illi
921 5757 1111 5812 Bardac
1135 5758 1334 5816 Caesari
1365 5765 1505 5832 apud
1538 5764 1773 5819 Leonem

201 5844 448 5913 citatum,
486 5845 577 5900 τὸν
606 5851 1039 5919 χρυσοπέρσικόν
1096 5869 1187 5905 σου
1233 5858 1573 5923 χιτωνίσκον.
1616 5858 1769 5922 Ὀξύν

1893 4677 2025 4731 ergo
2058 4659 2285 4723 Junius,
2307 4654 2431 4713 cum
2466 4658 2568 4713 ista
2603 4659 2766 4711 verba
2790 4657 3007 4718 Codini,
3031 4670 3080 4709 c.
3112 4654 3204 4718 20,
3231 4670 3474 4723 χειροτοσ

1892 4755 2061 4806 νεῖται
2099 4753 2153 4804 δὲ
2210 4751 2239 4803 6
2296 4749 2641 4819 πατριάρχης
2672 4750 2778 4801 ὑπὸ
2833 4748 2927 4800 τοῦ
2994 4746 3345 4814 Ἡρακλείας.
3394 4744 3475 4797 sic

1892 4841 2096 4896 relidit:
2128 4840 2448 4910 Designatur
2482 4856 2605 4893 vero
2635 4838 2948 4907 patriarcha
2996 4853 3029 4889 a
3069 4833 3471 4904 metropolitano

1887 4932 2176 4989 Heraclea.
2214 4932 2325 4985 lmo
2350 4940 2707 4997 consecratur,
2739 4930 3045 4991 ordinatur,
3089 4935 3141 4982 et
3179 4936 3235 4979 ut
3269 4927 3347 4980 sic
3384 4925 3469 4979 di-

1888 5042 2029 5092 cam,
2068 5026 2460 5095 inauguratur;
2494 5038 2621 5078 nam
2667 5022 2971 5092 designatio
3003 5034 3100 5074 seu
3131 5018 3325 5074 electio
3371 5034 3468 5085 pa-

1884 5119 2137 5174 triarchae
2171 5117 2439 5186 Cpolitani
2492 5132 2597 5170 non
2636 5112 3015 5183 eratepiscopi
3062 5109 3463 5166 Heracleensis.

1884 5208 1993 5262 Aut
2016 5210 2062 5262 si
2088 5216 2143 5261 et
2177 5207 2361 5276 hujus,
2396 5206 2609 5261 nonnisi
2639 5212 2695 5259 ut
2716 5204 2886 5273 partis
2914 5202 3096 5267 unius,
3120 5200 3468 5271 quandoqui-

1885 5297 2101 5376 φιηοά
2133 5298 2457 5367 patriarcha:
2478 5297 2803 5351 electionem
2830 5295 3016 5364 plures
3038 5292 3459 5356 conveniebant,

1881 5378 1942 5444 tit
1970 5388 2129 5445 ducet
2158 5404 2259 5444 nos
2295 5390 2382 5443 hic
2411 5388 2679 5443 Codinus.
2714 5388 2795 5441 Ab
2849 5385 3200 5442 Heracleensi
3246 5383 3460 5452 episco-

1881 5499 1950 5553 po
1982 5483 2349 5550 patriarcham
2379 5479 2694 5536 consecrari
2752 5479 3105 5535 consuevisse
3158 5476 3314 5555 testis
3372 5485 3458 5531 est

1878 5578 2039 5629 etiam
2070 5574 2313 5630 Zonaras
2343 5574 2394 5627 in
2434 5574 2664 5641 imperio
2694 5571 3048 5626 Constantini
3100 5569 3195 5623 lilii
3253 5567 3456 5634 Leuan

1876 5668 1971 5721 fol.
2006 5666 2128 5729 156,
2167 5667 2256 5734 qui
2296 5665 2667 5720 Heracleensis
2709 5680 2832 5718 cum
2877 5666 3253 5731 imperatorem
3291 5658 3453 5714 oﬂ‘cm

1877 5761 2069 5824 disset,
2105 5759 2453 5829 Polycuctum
2479 5759 2841 5827 patriai-citam
2893 5756 3059 5826 372
3106 5755 3451 5810 const'cravit

1877 5853 2164 5924 cpiscopus
2208 5854 2579 5928 Caesariensis.
2641 5854 2733 5916 Ὃς
2788 5852 2939 5922 παρὰ
2977 5849 3068 5903 τοῦ
3104 5846 3440 5916 Καισαρείας
