4224 6450
695 287 806 357 415

1785 289 1867 348 IN
1909 284 2204 348 LlBRUM
2247 283 2344 343 DE
2382 284 2711 346 OFFICIIS
2744 285 2831 345 CP

3819 276 3935 342 ιιο

698 402 1133 471 κεχειροτόνητο.
1162 400 1262 458 Ubi
1295 402 1435 457 male
1464 403 1735 469 interpres
1766 401 1997 458 Wolﬁus
2022 419 2036 454 ε
2066 404 2109 456 Δ
2142 398 2259 453 Cce-
2290 403 2331 457 Δ
2365 443 2366 448 η

2290 403 2331 457 Δ
2365 402 2588 469 accepit,
2613 414 2661 459 et
2685 399 3099 469 patriarchicans
3130 398 3206 449 ibi
3222 394 3397 451 sedem
3419 394 3720 457 collocavit,
3760 405 3824 447 ut
3853 403 3946 447 est

695 492 926 545 sariensi
941 492 1179 558 episcopo
1195 490 1407 545 electus.
1428 490 1546 545 Non
1573 492 1787 557 electus,
1810 492 1905 546 sed
1926 501 2260 544 consecratus

699 594 812 647 est;
835 585 944 652 jam
966 593 1124 637 antea
1153 584 1296 637 enim
1324 584 1735 645 iueratelectus,
1758 584 1853 638 καὶ
1878 580 2261 653 προεχειρίσθη

702 679 1044 746 πατριάρχης
1090 677 1428 741 Πολύευκτος
1461 680 1710 746 μοναχὸς.
1744 676 1881 731 Male
1914 679 2077 731 etiam
2125 675 2265 730 Cru-

702 771 815 824 sius
850 770 903 821 in
946 770 1172 823 historia
1223 771 1582 839 patriarchica
1632 767 1848 834 Ialaxi,
1900 768 1937 822 Ι.
1977 784 2013 822 ιι
2055 767 2266 821 Turco-

702 861 942 925 Gracia,
970 876 1023 930 p.
1047 862 1139 916 131
1168 878 1181 915 :
1219 861 1659 929 Ἐχειροτόνησεν
1683 861 1845 914 αὐτὸν
1871 863 1899 913 ό
1932 858 2263 927 Ἡρακλείας

702 953 1066 1022 πατριάρχην.
1105 952 1406 1006 Declaravit
1436 955 1609 1022 ipsum
1640 953 2004 1007 Heracleensis
2030 954 2263 1019 patriar-

703 1045 876 1109 chain;
908 1046 1398 1109 imoconsecrarit,
1425 1046 1712 1105 ordinavit,
1736 1045 1991 1098 initiavit.
2034 1042 2265 1097 Pulchre

703 1133 943 1190 Zonaras
967 1136 1031 1188 ad
1056 1151 1177 1189 can.
1214 1137 1238 1189 ‘l
1268 1136 1456 1205 Apost.
1509 1152 1521 1187 :
1554 1135 1665 1188 Νῦν
1696 1135 1791 1204 μὲν
1823 1134 2127 1203 χειροτονία
2164 1150 2264 1186 κα-

702 1229 875 1281 λεῖται
917 1228 1078 1296 ήτῆς
1140 1228 1519 1297 καθιερώσεως
1549 1226 1643 1279 τοῦ
1708 1227 1959 1295 ἱερᾶσθαι
2009 1224 2264 1293 λαχόντος

703 1321 1082 1389 τελεσιουργία
1111 1320 1219 1371 τῶν
1267 1319 1443 1387 εὐχῶν
1479 1320 1576 1372 καὶ
1607 1318 1700 1371 τοῦ
1739 1320 1899 1384 άτίου
1948 1317 2265 1385 Πνεύματος

704 1409 992 1478 ἐπίκλησις
1018 1410 1125 1461 άπὸ
1152 1407 1243 1462 τοῦ
1279 1412 1369 1461 τὸν
1398 1409 1658 1481 ἀρχιερέα
1706 1410 1902 1461 τείνειν
1954 1406 2053 1477 τὴν
2108 1410 2265 1477 χεῖρα

704 1499 1032 1565 εὐλογοῦντα
1056 1502 1149 1554 τὸν
1182 1502 1680 1571 χειροτονούμενον’
1722 1501 1890 1554 πάλαι
1919 1501 1976 1553 δὲ
2003 1502 2096 1554 καὶ
2130 1501 2268 1571 αὐτὴ

706 1592 741 1658 ή
761 1588 939 1658 ψῆφος
961 1591 1266 1659 χειροτονία
1305 1590 1608 1659 ὠνόμαστα
1678 1603 1686 1609 ·

776 1680 936 1781 Errat
968 1682 1161 1734 iterum
1188 1679 1380 1735 Junius
1405 1697 1526 1736 cum
1560 1682 1718 1737 verba
1749 1684 1871 1748 ista,
1902 1686 1959 1735 ιν
1983 1684 2039 1737 δὲ
2070 1683 2147 1753 τῷ
2169 1683 2267 1751 τῆς
2300 1728 2342 1781 Β

706 1770 872 1824 αὑτοῦ
901 1771 1233 1841 χειροτονίας
1255 1773 1431 1842 καιρῷ
1457 1773 1673 1843 ἔρχεται
1708 1775 1806 1844 μὲν
1836 1776 1863 1827 ό
1898 1774 2156 1843 βασιλεὺς
2190 1777 2268 1839 είς

704 1863 805 1931 τὴν
828 1864 990 1929 ἁγίαν
1011 1863 1231 1932 Σοφίαν,
1262 1880 1412 1919 more
1429 1866 1748 1920 Calvlniano
1780 1867 2065 1937 detorquet
2095 1868 2151 1921 in
2176 1882 2269 1921 so-

707 1953 813 2007 lam
839 1955 1027 2024 (veluti
1083 1956 1321 2010 ministri
1376 1957 1628 2027 alicujus)
1684 1960 2139 2030 designationem,
2196 1961 2270 2013 ita

707 2059 954 2105 \‘ertens:
994 2049 1110 2115 Quo
1136 2061 1309 2104 autem
1338 2050 1605 2119 eligendus
1643 2062 1721 2105 est
1754 2063 2001 2122 tempore.
2053 2052 2272 2107 Minime

707 2155 861 2205 vero,
896 2141 987 2195 sed
1017 2156 1125 2211 quo
1150 2152 1394 2209 tempore
1447 2141 1774 2197 ordinandus
1800 2153 1850 2197 et
1888 2145 2271 2198 consecrandus

710 2240 795 2284 cst
825 2217 1132 2297 patriarcha
1157 2249 1172 2297 ;
1196 2247 1293 2288 seu
1355 2242 1581 2301 tempore
1632 2234 1985 2287 ordinationis
2015 2244 2065 2288 et
2095 2251 2276 2288 conse-

712 2322 962 2376 crationis
993 2334 1281 2391 appetente,
1318 2328 1453 2379 venit
1483 2327 1769 2395 imperator
1800 2328 1868 2381 ad
1893 2325 2144 2383 Sanctam
2176 2327 2272 2383 So-

710 2412 910 2480 phiam.
934 2412 1133 2469 Csars.

784 2502 845 2558 P.
881 2505 1003 2559 lOQ.
1037 2505 1472 2574 Cantacuaenus,
1501 2525 1575 2577 tv,
1601 2509 1692 2564 37.
1728 2509 1919 2565 Divina
1949 2509 2009 2565 S.
2040 2508 2277 2580 Spiritus

714 2597 891 2666 gratis
917 2600 1184 2663 invocata,
1216 2610 1319 2654 tres
1348 2602 1401 2654 in
1428 2602 1797 2668 patriarcham
1843 2602 2063 2673 eligunt,
2096 2603 2281 2658 Philo-

714 2688 886 2739 theum
910 2687 1205 2753 Heraclea,
1234 2687 1534 2743 Macarium
1567 2690 1952 2760 Philadelphia
1988 2694 2277 2762 episcopos,

713 2786 763 2828 et
795 2778 1059 2843 privatum
1085 2780 1256 2833 adhuc
1285 2780 1561 2837 Nicolaum
1597 2780 1935 2849 Cabasilam;
1965 2784 2278 2837 electorum-

713 2885 814 2937 que
847 2870 1059 2924 nomina
1090 2871 1395 2938 imperatori
1415 2875 1614 2942 scripta
1682 2875 1919 2941 mittunt,
1976 2877 2066 2944 qui
2103 2875 2283 2929 Philo-

717 2963 893 3014 tlteum
926 2962 1150 3024 maluit;
1177 2964 1291 3016 etis
1312 2980 1415 3017 non
1444 2964 1537 3017 diu
1586 2976 1723 3031 post,
1758 2966 2001 3034 legitimis
2038 2967 2278 3020 omnibus

2365 495 2420 548 in
2452 494 2679 549 historia
2712 490 2988 559 political.
3026 506 3043 543 ι
3076 488 3462 545 Τυτοο-ϐτιε.
3500 504 3553 557 p.
3583 487 3669 542 15.
3731 487 3946 543 Verum

2366 588 2479 641 haec
2500 586 2877 641 benevolentia
2910 587 3252 639 sultanorum
3278 582 3331 635 in
3350 580 3691 648 patriarchas
3708 593 3821 633 non
3843 578 3945 632 diu

2364 680 2598 735 duravit.
2630 676 2764 731 Nam
2795 677 2899 731 sub
2922 675 3027 730 isto
3079 675 3199 742 ipso
3247 672 3558 726 lahomete
3605 669 3957 740 patriarcha

2366 786 2559 826 novem
2586 771 2935 831 exstiterunt,
2958 775 3013 820 et
3033 772 3226 835 prater
3247 763 3617 829 Geunadium,
3651 763 3745 832 qui
3769 775 3945 830 spon-

2367 876 2417 919 te
2441 865 2626 927 cessit,
2662 862 2752 917 vix
2777 860 2921 916 ullus
2949 859 3052 914 fuit
3076 872 3239 926 quem
3280 854 3709 911 calumniatores
3742 856 3813 910 de
3844 868 3941 909 so-

2366 951 2439 1005 lio
2464 966 2568 1003 non
2594 950 2891 1019 dejecerint
2920 947 3005 1001 vel
3036 945 3406 1015 dejiciendutn
3450 960 3548 1015 per
3569 944 3771 999 Bassas
3796 946 3943 998 Tur-

2367 1045 2512 1098 cicos
2559 1042 2825 1104 curarint,
2876 1041 3189 1095 introducto
3230 1038 3395 1093 etiam
3422 1039 3660 1093 duorum
3696 1037 3943 1090 millium

2365 1135 2698 1189 ﬂorenorum
2752 1134 3000 1194 bescesio.
3056 1129 3202 1201 quod
3250 1130 3559 1198 patriarcha
3598 1142 3791 1183 recens
3830 1127 3951 1181 ele-'

2368 1236 2489 1281 ctus
2525 1225 2815 1294 pendebat,
2856 1233 2912 1278 et
2937 1238 3119 1277 annuo
3163 1220 3372 1277 tributo
3414 1220 3636 1275 totidem
3676 1219 3944 1284 millium,

2368 1320 2453 1371 cui
2477 1319 2723 1371 charazio
2746 1330 2942 1371 nomen
2967 1325 3105 1369 erat.

2443 1410 2635 1465 Postea
2666 1410 2828 1464 etiam
2886 1421 3062 1475 usque
3084 1406 3152 1460 ad
3197 1404 3314 1460 hac
3345 1412 3536 1459 nostra
3570 1413 3815 1473 tempora
3844 1402 3943 1456 vix

2372 1518 2612 1573 unquam
2636 1517 2742 1571 pax
2782 1500 3151 1556 schismaticis
3171 1513 3299 1554 cum
3328 1498 3679 1554 schismatico
3704 1495 3944 1565 patriar-

2372 1596 2474 1649 cha
2501 1594 2624 1648 fuit.
2656 1592 2883 1662 Semper
2908 1590 3355 1659 suppullularunt
3376 1588 3759 1643 cmulationes
3803 1585 3946 1639 invi-

2372 1687 2475 1741 dia:
2504 1696 2554 1739 et
2579 1685 2807 1740 occulta:
2838 1674 3107 1737 machina:
3122 1682 3188 1736 ad
3214 1681 3381 1750 hujus
3408 1681 3494 1737 vel
3518 1680 3664 1734 illius
3684 1677 3945 1741 exitium;

2373 1788 2432 1832 ut
2464 1775 2601 1831 mihi
2627 1775 2877 1829 videatur
2908 1788 3017 1829 non
3041 1772 3159 1829 sine
3184 1773 3417 1828 consilio
3436 1771 3624 1827 diviso
3653 1770 3799 1826 edita
3822 1784 3950 1824 esse

2374 1868 2428 1921 in
2457 1862 2887 1919 Turco-Grzecia
2924 1862 3156 1917 historia
3187 1862 3414 1932 politica
3470 1870 3525 1915 et
3575 1858 3951 1914 ecclesiastica

2373 1974 2468 2013 seu
2504 1956 2863 2028 patriarchica
2895 1971 3079 2010 rerum
3110 1954 3545 2024 Cpolitanarum,
3589 1966 3655 2007 ex
3686 1966 3796 2021 qua
3826 1966 3953 2020 per-

2373 2050 2560 2119 spicue
2594 2048 2772 2102 elucet
2802 2046 3183 2102 schismaticos
3212 2060 3325 2100 non
3349 2045 3513 2099 modo
3537 2058 3662 2098 cum
3689 2054 3950 2111 supremo

2374 2141 2655 2196 catholica:
2681 2138 2937 2195 Ecclesia
2954 2138 3130 2207 capite
3157 2153 3254 2207 per
3271 2128 3594 2191 charitatem
3629 2133 3952 2203 coniunctos

2376 2247 2484 2287 non
2508 2247 2653 2295 esse.
2680 2231 2825 2306 quod
2848 2245 2944 2301 per
2978 2246 3037 2285 se
3066 2230 3258 2296 liquet,
3299 2228 3395 2283 sed
3419 2242 3521 2282 nec
3551 2228 3693 2281 inter
3713 2241 3796 2291 se,
3819 2239 3945 2279 cum

2376 2324 2477 2379 sub
2498 2324 2819 2393 gravissima
2850 2322 3148 2376 inﬁdelium
3170 2321 3432 2376 servitute
3462 2330 3654 2374 mutuo
3694 2332 3816 2374 sese
3848 2317 3953 2371 mi-

2378 2415 2453 2469 ris
2478 2413 2749 2468 cuniculis
2783 2414 3054 2477 infestent,
3094 2422 3150 2466 et
3190 2410 3357 2465 modo
3396 2410 3541 2465 hunc
3597 2409 3761 2464 modo
3792 2408 3950 2462 illum

2378 2507 2433 2559 in
2463 2505 2876 2575 patriarchalem
2896 2504 3152 2559 thronum
3173 2502 3479 2558 Turcarum
3506 2517 3609 2571 ope
3638 2501 3946 2557 sublevent.

2380 2596 2538 2652 Valet
2565 2598 2818 2653 nimirum
2853 2598 2942 2651 hic
2970 2597 3135 2669 illud:
3174 2596 3280 2662 Qui
3305 2604 3451 2664 pote,
3482 2595 3604 2664 plus
3636 2602 3809 2662 urget.

2450 2688 2749 2755 Phrantes,
2775 2687 3059 2753 Chronici,
3080 2703 3165 2752 Ill,
3189 2686 3275 2750 l9,
3299 2686 3473 2739 ferme
3502 2684 3817 2739 accuratius
3837 2696 3955 2735 mo-

2383 2798 2495 2836 rem
2530 2782 2839 2837 declarandi
2882 2779 3250 2848 patriarcham
3284 2779 3351 2832 ab
3384 2779 3711 2847 imperatore
3746 2776 3956 2830 descri-

2383 2873 2460 2928 bit
2480 2887 2643 2943 qnam
2667 2871 2933 2927 Codinus.
2969 2870 3175 2926 Gnsrs.

2454 2966 2515 3021 P.
2551 2965 2673 3020 102.
2702 2963 2796 3036 [Ὀ
2817 2963 3120 3028 βασιλεὺς
3159 2962 3278 3017 ἀπὸ
3336 2964 3584 3017 τούτων.
3645 2959 3725 3015 Ad
3783 2960 3945 3015 trium

714 3051 954 3111 servatis.
980 3051 1287 3118 patriarcha
1311 3063 1640 3108 consecratus
1663 3055 2276 3126 ecclesiam'aliquandiu
2307 3052 2351 3114 C
2382 3059 2675 3113 electorum
2710 3057 2925 3113 tertium
2946 3057 2998 3110 in
3029 3055 3389 3123 patriarcbam
3418 3054 3807 3107 nominandum
3841 3068 3949 3106 non

716 3138 1129 3193 administravit.
1156 3140 1296 3194 Olim
1331 3141 1623 3210 imperator
1659 3145 1918 3198 arbitratu
1953 3159 2074 3210 suo,
2107 3144 2281 3209 solus,

716 3234 834 3287 sine
857 3233 1237 3302 episc0porum
1284 3231 1580 3301 suﬂragiis,
1635 3236 2002 3303 patriarcham
2033 3236 2284 3306 designa-

716 3325 837 3390 bat;
868 3323 1008 3393 quod
1050 3332 1242 3377 contra
1272 3339 1509 3378 canones
1538 3324 1745 3381 factum
1765 3342 1888 3381 esse
1912 3328 2114 3382 fatetur
2142 3326 2285 3383 Can-

719 3425 1039 3479 tacuzenus,
1067 3430 1139 3479 ιν,
1176 3414 1268 3479 37,
1294 3415 1385 3469 ubi
1417 3416 1688 3486 episcopis
1727 3426 2050 3485 potestatem
2077 3417 2207 3472 facit
2230 3426 2288 3472 ut

720 3522 870 3561 more
896 3506 1061 3560 veteri
1082 3515 1195 3562 tres
1214 3506 1516 3572 nominent,
1577 3522 1645 3562 ex
1703 3509 1903 3578 quibus
1937 3510 2053 3578 ipse
2102 3521 2288 3580 postea

718 3610 843 3651 eum
865 3596 957 3665 qui
986 3596 1157 3667 magis
1187 3597 1434 3652 arriserit
1463 3598 1674 3654 caeteris
1700 3600 2005 3669 μεθίει-ιω

793 3687 1080 3757 Postquam
1111 3686 1282 3744 Graeci
1316 3704 1347 3744 a
1386 3691 1769 3746 communione
1799 3691 1943 3747 sedis
1972 3693 2290 3762 apostolica:

720 3779 953 3849 sejuncti
994 3794 1212 3835 omnem
1249 3790 1594 3851 potestatem,
1632 3782 1797 3837 etiam
1836 3784 2287 3851 ecclesiasticam,

722 3871 776 3925 in
807 3886 937 3925 suos
974 3871 1335 3940 imperatores
1390 3874 1808 3936 transtulerunt,
1844 3889 1952 3929 non
2000 3874 2294 3931 defuerunt

720 3973 867 4016 certe
896 3964 1252 4030 imperatores
1275 3964 1522 4032 partibus
1551 3965 1655 4020 sibi
1682 3964 1899 4031 delatis,
1940 3966 2033 4021 sed
2062 3983 2169 4035 qua
2198 3983 2294 4037 po-

722 4060 917 4106 testate
941 4053 1278 4121 patriarchas
1307 4057 1601 4124 ponebant,
1620 4055 1811 4110 eadem
1842 4058 2065 4112 eosdem
2095 4058 2292 4113 iterum

717 4143 1085 4211 inponebant.
1115 4154 1169 4199 et
1232 4147 1276 4200 si
1332 4146 1548 4212 liberet,
1609 4147 1888 4217 depositas
1930 4150 2292 4218 reponebam.

719 4238 919 4290 Omnia
947 4236 1332 4293 historicorum
1367 4240 1643 4294 volumina
1672 4242 1829 4308 plena
1850 4251 1979 4296 sunt
2008 4243 2295 4312 exemplis,

2389 3153 2461 3205 ita
2494 3156 2737 3205 coartata
2772 3146 3111 3217 imperatoris
3144 3146 3386 3209 libertas,
3412 3144 3545 3214 quin
3596 3144 3814 3199 omissis
3834 3144 3953 3211 epi-

2388 3258 2673 3313 scoporum
2700 3239 2971 3309 suﬂragiis
3002 3253 3125 3292 eum
3160 3252 3319 3307 quem
3357 3237 3533 3299 vellet,
3566 3234 3958 3291 consuetudine

2388 3332 2750 3402 permittente.
2800 3330 3080 3399 designare
3137 3325 3394 3396 potuerit.
3450 3324 3724 3379 Blassares
3772 3322 3867 3377 τοῦ
3906 3322 3958 3375 Κ

2390 3425 2677 3492 στοιχείου,
2710 3436 2761 3477 c.
2792 3420 2863 3475 3‘2
2893 3439 2905 3475 :
2934 3419 3057 3472 Τῶν
3082 3418 3191 3487 γὰρ
3214 3417 3453 3471 κανόνων
3474 3416 3581 3469 τῶν
3620 3417 3713 3479 τὰς
3736 3415 3958 3469 δπισκό-

2389 3533 2509 3569 πων
2526 3516 2742 3585 ψήφους
2766 3515 2877 3575 τοῖς
2900 3512 3223 3574 ἐπισκόποις
3249 3512 3363 3571 τοῖς
3387 3509 3655 3578 ἐπαρχίας
3683 3507 3960 3561 ἀνατιθέν-

2390 3626 2521 3674 των,
2556 3608 2778 3677 ἄρχοντι
2823 3605 2879 3658 δὲ
2929 3604 3119 3675 μηδενὶ¹
3176 3603 3380 3656 τούτων
3435 3601 3633 3665 ἑξεῐναι
3680 3600 3959 3653 κοινωνεῖν

2392 3702 2746 3765 κελευόντων,
2780 3701 2827 3751 οἱ
2869 3697 3109 3766 βασιλεῖς
3142 3696 3234 3749 καὶ
3262 3694 3361 3763 τῆς
3384 3694 3566 3763 ψήφου
3592 3691 3701 3746 τῶν
3737 3689 3957 3744 latend-

2395 3810 2514 3847 πων
2543 3792 2709 3862 χωρὶς
2742 3790 2837 3844 καὶ
2866 3789 3214 3858 πατριάρχας
3246 3790 3340 3840 καὶ
3364 3785 3697 3848 ἐπισκόπους
3724 3783 3960 3855 προσάλ-

2394 3885 2597 3938 λονται.
2640 3883 2741 3935 Διὰ
2783 3880 2914 3948 γοῦν
2957 3879 3134 3946 τοῦτο,
3176 3879 3252 3942 ὡς
3303 3879 3469 3943 ἔοικε,
3513 3876 3609 3930 ἐπὶ
3640 3877 3718 3947 τῷ
3753 3876 3963 3945 βασιλεῖ

2394 3976 2612 4047 Μιχαὴλ
2638 3976 2733 4029 τοῦ
2764 3973 2943 4028 Δοῦκα
2966 3975 2993 4025 ὁ
3024 3970 3427 4042 μητροπολίτης
3467 3970 3676 4031 lascivo;
3701 3969 3863 4036 Σίδης
3893 3966 3961 4019 τά

2396 4072 2493 4138 τῆς
2530 4068 2809 4140 βασιλείας
2830 4065 3099 4137 ᾠκονόμει
3128 4063 3222 4117 καὶ
3254 4064 3282 4115 ὁ
3314 4062 3746 4130 Νεοκαισαρείας
3773 4061 3842 4114 τά
3868 4066 3964 4130 τῆς

2397 4161 2607 4222 πόλεως
2630 4160 2999 4227 ἀνεγράψατο,
3033 4155 3130 4209 καὶ
3153 4154 3237 4223 ἐφ’
3264 4153 3421 4224 ἡμῶν
3449 4153 3477 4205 ὁ
3512 4149 3752 4214 Κυζίκου
3774 4150 3966 4218 Νίφων

2397 4251 2497 4322 τήν
2517 4266 2572 4301 τε
2598 4248 2929 4318 ἀπογραφὴν
2949 4245 3158 4307 καὶτὰς
3179 4242 3271 4297 τοῦ
3290 4242 3549 4313 δημοσίου
3575 4241 3795 4301 ἁπάσας
3816 4240 3968 4309 ἐνέρ-

721 4328 1559 4430 prmeipue-CedreniuZonaraa,
1578 4330 1794 4430 _Glyc:e,
1821 4331 2167 4430 Constantini
2192 4335 2299 4387 Ma-
2331 4375 2376 4430 υ
2404 4359 2539 4412 γησε
2567 4340 2828 4401 δουλείας.
2870 4337 3011 4391 Sane
3059 4350 3252 4406 operas
3293 4335 3672 4402 episcoporum
3717 4346 3872 4401 atque
3904 4346 3969 4384 ac

725 4436 923 4485 stasne,
952 4421 1243 4489 Nicephori
1267 4420 1536 4489 Gregorae,
1570 4422 1965 4487 Cantacuzeni;
1989 4422 2301 4495 Turcasque
2331 4420 2369 4430 ⁷

2299 4452 2301 4475 ε
2331 4420 2369 4430 ⁷
2402 4433 2719 4486 electionem
2760 4426 3104 4498 imperatoris
3136 4423 3479 4494 dispositioni
3507 4421 3782 4491 subjectas
3833 4421 3967 4474 adu-

727 4528 858 4569 suos
891 4527 1236 4570 successores
1266 4515 1398 4583 ipsis
1440 4514 1601 4569 factis
1637 4516 1751 4570 suis
1809 4518 2143 4571 edocuerunt
2164 4533 2299 4585 quo-

731 4607 893 4658 modo
923 4606 1021 4673 ipsi
1063 4605 1249 4660 itidem
1283 4622 1406 4660 cum
1451 4607 1775 4676 patriarchis
1816 4622 1976 4674 agere
2015 4609 2297 4663 deberent.

2402 4522 2550 4578 laute
2570 4535 2734 4588 supra
2758 4519 2979 4573 modum
3008 4515 3217 4571 calamo
3241 4514 3433 4569 scribit
3454 4513 3746 4567 Blastares.
3764 4509 3838 4565 De
3859 4510 3967 4566 (ΣΡ.

2405 4611 2832 4684 patriarcharum
2852 4609 3119 4663 electione
3141 4615 3194 4661 et
3218 4605 3631 4675 inauguratione
3655 4603 3812 4658 docte
3831 4618 3973 4672 prte-

725 4698 889 4753 Certe
924 4697 1258 4752 Mahomctcs
1302 4700 1577 4763 sultanus,
1618 4699 1709 4766 qui
1741 4698 1952 4766 Cpolim
2000 4699 2102 4753 sub
2137 4715 2299 4754 suum
2407 4705 2661 4772 clareque
2688 4700 3092 4756 illustrissimus
3110 4698 3397 4767 episcopus
3426 4695 3716 4751 Vahrensis
3744 4710 3809 4749 eo
3836 4709 3973 4763 pra:-

730 4792 921 4860 jngum
964 4793 1131 4857 misit,
1168 4793 1256 4846 vix
1287 4794 1395 4846 alio
1431 4793 1535 4846 ritu
1576 4792 1916 4848 Gennadium
1960 4794 2303 4848 Scholarium

2409 4796 2525 4852 sule
2544 4795 2707 4865 digno
2724 4789 3142 4865 Ἀρχιερατικῷ.
3162 4789 3237 4845 De
3259 4789 3422 4843 trium
3442 4788 3707 4843 electione
3727 4784 3972 4841 facienda

731 4884 938 4937 creavit
974 4900 1132 4950 quam
1180 4886 1267 4939 hic
1305 4900 1333 4938 a
1362 4884 1570 4941 Codino
1602 4885 1981 4940 describatur:
2013 4887 2153 4940 Nam
2188 4889 2298 4940 suis
2409 4889 2809 4944 accuratiorem
2839 4887 3001 4941 habet
3031 4883 3418 4944 narrationem.
3444 4896 3496 4950 p.
3530 4879 3628 4935 ‘8!
3664 4890 3718 4933 et
3749 4895 3873 4949 sqq.

742 4979 985 5033 manibus
1020 4978 1326 5033 δεκανέκιον
1352 4996 1445 5035 seu
1466 4982 1784 5044 δικανίκιον,
1813 4982 2078 5045 pastorale
2094 4981 2305 5048 pedum,

2482 4979 2624 5035 Ibid.
2660 4977 2929 5052 [Mﬂwpa
2959 4989 3346 5044 nonnunquam
3375 4972 3729 5027 vadimonium
3747 4971 3975 5036 dictum.

743 5073 923 5139 Magni
955 5074 1109 5139 pretii
1138 5072 1303 5135 dedit,
1341 5073 1586 5125 baculum
1613 5088 1791 5141 nempe
1823 5082 2128 5142 argenteum
2157 5074 2308 5124 inau-
2413 5072 2702 5141 aliquando
2738 5069 2997 5139 principis
3030 5067 3340 5121 mandatum
3367 5066 3481 5118 sive
3512 5065 3852 5133 rescriptum,
3882 5058 3974 5118 hic

742 5175 956 5226 ratum,
987 5166 1279 5234 artiﬁciose
1310 5164 1529 5234 factum.
1596 5163 1751 5218 Dedit
1801 5173 1849 5216 et
1899 5181 2084 5242 equum
2121 5166 2308 5219 bonum
2414 5166 2656 5236 ejusdem
2715 5162 3007 5226 codicillos,
3046 5161 3214 5224 breve,
3256 5158 3416 5212 nobis
3460 5156 3631 5210 brevet
3688 5155 3978 5209 πιττάκιον

735 5265 787 5309 et
847 5264 1041 5308 certam
1116 5267 1391 5308 aureorum
1448 5270 1731 5319 summam,
1780 5254 1861 5308 his
1913 5254 2073 5309 verbis
2118 5255 2312 5308 idditis
2414 5256 2630 5326 proprie
2656 5254 2737 5309 vel
2771 5252 3033 5324 ψήφισμα
3080 5250 3369 5319 signiﬁcat.
3428 5246 3579 5299 Datis
3618 5246 3764 5300 enim
3813 5246 3978 5317 regiis

739 5352 877 5415 quod
934 5347 1171 5416 faustum
1224 5364 1286 5400 ac
1347 5349 1474 5417 felix
1527 5349 1633 5411 sit,
1702 5358 1811 5403 esto
1866 5350 2200 5415 patriarcha,
2265 5358 2313 5404 et
2418 5349 2804 5419 diplomatibus
2835 5346 3061 5402 collatas
3119 5344 3408 5414 dignitates
3430 5338 3979 5407 lirmabantimpera-

742 5449 884 5490 utere
920 5448 1099 5489 nostra
1144 5438 1383 5490 amicitia
1425 5438 1478 5489 in
1509 5438 1698 5506 quibus
1750 5438 1904 5491 rebus
1939 5438 2095 5501 voles,
2122 5439 2311 5492 habens

2310 5478 2311 5485 η
2421 5454 2587 5497 tores.
2632 5442 2808 5505 Anna,
2846 5437 3156 5497 Alexiados.
3187 5451 3226 5491 tt
3263 5451 3277 5487 :
3308 5426 3529 5485 Ἐδεδίει
3582 5431 3690 5499 γὰρ
3754 5428 3829 5498 μὴ
3886 5429 3978 5483 τοῦ

744 5530 919 5581 omnia
947 5529 1076 5596 jura
1108 5530 1497 5600 prit'ilegiaque.
1545 5531 1700 5582 sicuti
1757 5532 2046 5608 superiores
2101 5541 2221 5583 ante
2269 5540 2316 5583 te

2422 5532 2821 5601 χρυσοόούλλου
2872 5532 3055 5600 τάχιον
3102 5529 3134 5597 ἢ
3190 5525 3440 5595 προσήκῃ
3499 5522 3991 5598 κειται-ξεμφθέντθς¹

747 5623 1063 5689 patriarcha
1092 5624 1403 5677 habuerunt.
1464 5622 1614 5676 Habe
1645 5640 1845 5692 quoque
1905 5623 2155 5692 templum
2183 5622 2318 5678 San-

2308 5656 2318 5665 -
2422 5626 2591 5695 αὺτῷ,
2628 5624 2655 5678 ὅ
2689 5624 2786 5695 τὴν
2832 5621 2928 5676 τοῦ
2957 5620 3234 5690 Καίσαρος
3265 5615 3418 5683 ἀξίαν
3447 5612 3620 5682 τούτῳ
3669 5612 3976 5682 ἐχαρίζετο,

754 5724 957 5769 clarum
987 5714 1349 5784 Apostolorum
1369 5714 1527 5787 373
1552 5715 1805 5768 domicilii
1833 5714 1962 5769 loco.
1994 5713 2077 5768 lla
2108 5716 2161 5767 id
2190 5728 2315 5770 tunc
2425 5728 2529 5774 etc.
