4224 6450
269 381 373 446 417

1407 380 1791 447 GRETSERI
1818 382 1911 442 ET
1946 382 2181 443 GOARI
2212 383 2450 444 ΝΟΤΞΞ.

3395 392 3507 458 418

339 497 400 550 1⁸.
436 495 555 551 105.
588 495 840 570 [Θρόνου
871 495 1178 567 ἡερανέου.
1222 498 1406 551 Ilonor
1428 506 1482 552 et
1529 496 1679 551 color
1706 510 1873 567 quam

1945 493 2176 548 δέδωκεν
2210 494 2355 564 αὐτῷ
2385 495 2692 551 δεκανίκιον
2729 497 2827 569 (ita
2863 498 3179 570 corruptius
3210 498 3506 573 profertur)

265 591 337 646 lis
360 589 559 645 Caesari
586 593 907 661 patriarcha:
944 590 1200 646 tribuitur
1237 609 1250 656 ;
1287 605 1349 647 ac
1382 606 1499 645 eam
1557 588 1741 643 forsan
1770 588 1837 643 ob

266 699 380 738 rem
413 684 531 753 ejus
554 685 967 753 proclamationi
1021 699 1077 739 se
1130 683 1311 739 Ctesar
1360 683 1651 739 subtrahit.
1708 681 1839 737 Vide

267 779 494 833 dicenda
527 779 591 833 ad
624 795 673 833 ν.
712 781 777 835 15
799 789 852 834 et
882 796 1001 849 sqq.

340 866 481 924 Ibid.
529 867 926 941 [Ἀνίστανται
969 871 1309 941 ἀμφότεροι.
1357 871 1543 926 Mutuo
1588 886 1682 925 nec
1728 886 1837 924 non

264 961 460 1029 πριιιιιὶ
523 962 729 1015 honore
757 975 815 1015 se
842 961 1026 1016 colunt
1076 965 1371 1031 imperator
1401 972 1454 1017 et
1486 963 1789 1032 patriarcha
1821 981 1835 1028 ;

266 1054 507 1123 dumque
532 1054 632 1109 sibi
659 1053 890 1109 invicem
918 1064 1233 1122 assurgunt,
1262 1056 1383 1125 pari
1402 1071 1520 1111 sese
1549 1055 1714 1128 374
1741 1072 1837 1110 ex-

262 1145 463 1199 cellere
509 1144 771 1214 dignitate
832 1145 1178 1214 proﬁtentur.
1210 1145 1642 1213 Cantacuzenus,
1692 1146 1787 1213 1,5
1820 1164 1834 1202 :

265 1239 379 1292 Οὐκ
401 1237 523 1300 ἔθος
554 1237 867 1307 βασιλεῦσιν
899 1238 1285 1303 ἐξανίστασθαι
1321 1240 1591 1303 ἰδιώταις.

342 1328 488 1385 Ibid.
528 1329 698 1402 ['Arzb
726 1329 844 1382 τῶν
869 1330 1217 1401 ἀξιωμάτων
1248 1348 1359 1396 τις.
1393 1331 1555 1385 Aliud
1611 1330 1665 1385 in
1715 1330 1837 1384 aula

265 1418 369 1477 ΕΡ.
402 1422 657 1490 dignitas,
686 1421 835 1476 aliud
860 1421 1115 1476 oﬂicium.
1161 1422 1490 1491 Dignitatem
1533 1436 1688 1483 voco.
1731 1436 1838 1491 qua

264 1512 487 1565 obtenta
516 1511 664 1566 solus
691 1512 862 1566 honor
892 1511 1493 1581 acquiritur,olﬁcium,
1531 1511 1675 1581 quod
1731 1511 1835 1565 mi-

266 1602 506 1655 nisteriis
525 1604 580 1655 in
610 1603 869 1671 principis
904 1603 983 1657 vel
1009 1602 1210 1672 publici
1251 1604 1452 1657 bonum
1488 1602 1835 1673 impenditur.

266 1690 407 1757 Quid
467 1694 719 1760 praestitit
748 1692 977 1760 imperio
1020 1692 1440 1756 sebastocrator,
1474 1695 1839 1762 panhyperse-

268 1783 479 1845 hastos,
516 1781 777 1838 Sebastus
800 1790 853 1837 et
895 1790 971 1837 tot
992 1783 1104 1846 alii,
1138 1782 1205 1839 de
1243 1784 1439 1852 quibus
1486 1794 1677 1838 auctor
1730 1798 1834 1837 sae-

265 1873 389 1941 pius
417 1873 515 1925 οὐκ
552 1874 855 1942 ἐνεργεῖται
884 1873 963 1928 vel
999 1874 1401 1941 ἀνεπίγνωστον
1457 1874 1699 1944 scripsit,
1725 1874 1828 1927 nisi

267 1974 327 2017 ut
364 1966 572 2021 delatos
595 1965 832 2021 honores
864 1966 1233 2029 admitterent,
1264 1967 1410 2036 rogis
1444 1965 1681 2033 acceptis
1715 1979 1831 2018 cor-

265 2055 527 2109 roderent
554 2056 830 2120 aerarium,
858 2056 983 2110 vani
1016 2056 1253 2110 nominis
1294 2056 1650 2126 appellatione
1702 2070 1834 2125 gau-

264 2146 503 2200 derent?
553 2146 664 2200 Hos
715 2146 934 2215 proprie
981 2145 1268 2215 ἀξιώματα
1325 2158 1378 2201 et
1432 2146 1833 2211 ἀξιωματικούς

263 2238 441 2293 dictos
489 2239 746 2309 reperies,
801 2239 937 2294 alios
984 2240 1369 2308 ὀφςρικιὰλιδας
1415 2240 1495 2293 vel
1546 2239 1831 2309 ἄρχοντας.

266 2331 512 2386 Zonaras
556 2332 610 2386 in
636 2331 836 2388 Basilio
854 2340 907 2387 et
936 2333 1292 2387 Constantino
1318 2352 1330 2387 :
1356 2332 1833 2403 Παρεχωρήθησαν

267 2425 413 2493 ἔχειν
440 2424 468 2477 ὃ
499 2424 567 2477 ἂν
594 2424 824 2487 ἕκαστος
851 2423 908 2489 ἐξ
938 2424 1143 2477 ἐκείνου
1177 2423 1562 2494 τυραννοῦντος
1597 2424 1831 2491 εἰλήφει,

266 2518 378 2569 εἴτε
400 2516 457 2568 ὲν
491 2514 667 2579 ἀξίαις
687 2510 755 2587 ἦν
777 2516 885 2569 slve
910 2515 967 2567 ὲν
993 2517 1189 2585 ἀρχαῖς
1220 2514 1328 2567 εἴτε
1370 2516 1550 2584 μέντοι
1596 2515 1655 2566 ἐν
1706 2514 1837 2582 κτή-

270 2620 411 2657 σεσι.
442 2608 635 2656 Annua
666 2603 931 2672 stipendia
968 2604 1079 2657 sive
1108 2590 1395 2672 pensiones
1414 2606 1544 2660 viris
1574 2605 1626 2658 in
1667 2604 1839 2675 digni-

267 2705 379 2751 tate
408 2696 719 2751 constitutis
742 2697 935 2766 colligo
961 2713 990 2753 e
1012 2697 1306 2753 Comnenae
1353 2699 1390 2752 l.
1438 2714 1518 2762 ιιι,
1562 2700 1679 2752 loco
1705 2698 1837 2752 sub-

264 2789 524 2855 obscuro,
577 2803 686 2857 quo
742 2789 1133 2843 Germanorum
1174 2789 1483 2858 imperatori
1550 2790 1616 2844 ab
1651 2790 1837 2843 Alexio

269 2884 664 2951 promittuntur
695 2884 834 2949 pacti
864 2882 974 2951 jam
1011 2883 1155 2935 inter
1181 2896 1275 2937 eos
1306 2885 1410 2936 acti
1440 2883 1648 2937 ratione
1680 2882 1837 2951 ῥόγαι

268 2975 379 3027 τῶν
433 2972 691 3025 δοθέντων
739 2973 911 3025 εἴκοσι
971 2973 1318 3041 ἀξιωμάτων,
1371 2974 1602 3026 virorum
1652 2974 1837 3043 viginti

267 3067 621 3134 dignitatibus
653 3066 1063 3131 pra'cellentium
1089 3067 1375 3131 stipendia.

334 3157 648 3229 lbid.[Toi'2
710 3158 1081 3225 πατριάρχου
1146 3157 1499 3212 amati-talos;
1558 3157 1907 3231 Nusquamc

263 3263 492 3317 sceptra,
528 3250 623 3304 sed
647 3251 937 3319 pastorales
972 3252 1181 3305 baculos
1210 3252 1322 3305 sive
1357 3253 1489 3319 peda
1520 3261 1715 3320 gerunt
1742 3267 1829 3305 cc-

266 3345 450 3399 clesiaa
477 3357 743 3413 pastores.
779 3346 1061 3397 Δικανίκια
1122 3357 1313 3399 vocant
1360 3344 1553 3411 ϐῖκοι,
1585 3362 1651 3400 eo
1686 3345 1828 3415 quod

266 3442 319 3487 et
347 3434 448 3503 ipsi
472 3433 733 3501 justitiam
769 3433 819 3485 in
861 3433 1106 3487 subditos
1155 3440 1429 3486 exercent.
1486 3432 1828 3501 Πατερίσσαν

266 3520 559 3588 benignius
588 3529 785 3573 vocant
825 3518 1094 3573 hodierni.
1158 3519 1375 3575 Doctins
1432 3521 1828 3590 ἀρχιερατικὴν

273 3612 469 3683 ῥάϐδον
494 3612 675 3679 posuit
694 3609 1124 3681 Euchologium:
1165 3608 1296 3665 Εἶτα
1344 3613 1561 3666 δίδωσιν
1599 3616 1747 3683 αὐτῷ
1802 3616 1829 3667 ὁ

262 3705 552 3775 ἀρχιερεὺς
586 3704 980 3773 ἀρχιερατικὴν
1016 3705 1230 3773 ῥάϐδον,
1264 3705 1441 3771 λέγων
1492 3707 1631 3759 οὕτω
1693 3708 1829 3775 πρὸς

264 3796 452 3850 αὐτόν’
487 3795 633 3848 Λάϐε
671 3797 769 3864 τὴν
801 3796 1017 3864 ῥάϐδον,
1048 3796 1133 3848 ἵνα
1177 3801 1474 3869 ποιμαίνῃς
1514 3801 1572 3851 τὸ
1616 3799 1829 3868 ἕμπρο⁴

265 3887 395 3941 σθέν
436 3904 528 3939 σου
552 3889 800 3956 ποιμνίον
828 3887 922 3940 τοῦ
946 3887 1209 3956 Χριστοῦ,
1238 3890 1328 3940 καὶ
1360 3892 1471 3950 τοῖς
1514 3889 1614 3957 μὲν
1644 3890 1831 3942 εὐπει-

263 3978 434 4043 θέσιν,
463 3978 602 4031 Eata)
628 3980 807 4039 αὐτοῖς
837 3978 943 4031 ὑπό
974 3994 1066 4031 σου
1110 3978 1381 4049 βακτηρία
1446 3982 1541 4033 καὶ
1595 3982 1829 4048 ὑποστη-

267 4068 487 4137 ριγμδς,
517 4069 628 4130 τοῖς
658 4068 714 4120 δὲ
744 4067 1064 4121 ἀπειθοῦσιν
1096 4070 1190 4121 καὶ
1232 4070 1593 4139 εὐτραπήλοις
1627 4074 1828 4142 χρῆσοκ.⁸

261 4161 401 4229 αὐτῇ
444 4158 624 4229 ῥάϐδῳ
652 4160 1043 4231 ὲπιστυπτικῇ,
1081 4161 1263 4232 ῥάϐδῳ
1288 4162 1642 4227 παιδεύσεως.

333 4251 476 4306 Ibid.
510 4252 1041 4319 Πολυχρονίζουσι.
1068 4252 1144 4307 Ex
1187 4255 1289 4308 hac
1322 4257 1732 4321 consuetudine,
1771 4266 1829 4312 ut

262 4357 458 4398 recens
490 4343 737 4396 instituto
774 4345 1099 4410 patriarchae
1127 4346 1476 4415 πολυχρόνιον
1524 4349 1826 4416 occinatur,

261 4437 328 4490 de
363 4435 708 4504 Coprenymo
734 4441 919 4488 narrat
958 4433 1311 4505 Theophanes
1346 4455 1360 4491 :
1403 4438 1655 4507 Ἀνῆλθεν
1678 4441 1830 4493 Κων-

1942 587 2133 639 πολλοῦ
2160 586 2327 650 ἄξιον,
2361 588 2479 657 ἦτοι
2529 588 2725 656 ῥάϐδον
2784 594 3050 663 ἀγρυρᾶν,
3106 609 3513 664 περικεχρυσω-

1944 680 2133 749 μένην,
2172 679 2397 749 ὡραίαν,
2429 680 2523 733 καὶ
2556 681 2721 734 ἵππον
2753 683 2975 750 ἀγαθὸν,
3022 684 3115 738 καὶ
3165 685 3331 756 μέρος
3381 704 3513 756 χρυ-

1941 774 2099 827 σίνων
2132 791 2195 830 ex
2220 775 2490 831 Chronico
2530 775 2629 847 Cp.
2655 776 2851 852 GOAR.]

2009 865 2069 919 P.
2103 868 2224 921 101.
2252 867 2445 923 Junius
2477 868 2589 924 haec
2620 884 2729 923 non
2763 868 2941 934 vertit,
2980 869 3072 924 sed
3114 872 3326 940 penitus
3357 890 3513 930 ever-

1941 956 2022 1012 tit.
2060 956 2339 1011 Sciendum
2372 969 2450 1012 est
2504 961 2640 1027 quod
2688 961 2781 1013 alii
2814 963 3111 1016 sacerdotes
3164 967 3355 1019 summi
3412 967 3515 1020 cle-

1942 1049 2167 1102 ctionem
2200 1051 2452 1119 facientes
2487 1050 2768 1121 obsignant
2796 1053 2895 1108 bis.
2925 1054 3245 1110 Patriarclta
3274 1057 3515 1125 designa-

1941 1149 2026 1192 tur
2052 1140 2262 1203 solum;
2305 1143 2430 1211 quia
2461 1142 2524 1195 ab
2561 1143 2877 1212 imperatore
2916 1146 3059 1213 facta
3091 1150 3384 1218 designatio
3412 1166 3509 1217 pro

1944 1233 2147 1286 minore
2172 1233 2344 1303 sigillo
2372 1235 2606 1291 ducitur.
2636 1236 2882 1308 Corrige.
2906 1238 3185 1294 Sciendum
3218 1252 3296 1296 est
3330 1254 3509 1296 autem

1941 1323 2074 1376 alios
2110 1325 2407 1379 sacerdotes
2435 1343 2670 1381 summos
2706 1328 2833 1397 (hoc
2859 1340 2941 1384 est
2975 1333 3280 1401 episcopos,
3329 1335 3512 1388 archi-

1944 1414 2245 1482 episcopos,
2272 1418 2426 1483 etc.).
2456 1419 2578 1489 eligi
2609 1436 2700 1487 per
2723 1421 2917 1489 duplex
2963 1424 3232 1493 sigillum;
3285 1424 3387 1479 hoc
3435 1436 3517 1479 est

1946 1519 2038 1572 per
2071 1504 2304 1571 duplicia
2359 1508 2619 1579 suﬁ‘ragia
2673 1527 2784 1564 seu'
2813 1524 2932 1564 vota
2974 1513 3273 1585 obsignata,
3304 1531 3393 1568 seu
3426 1531 3519 1585 per

1943 1591 2132 1657 duplex
2162 1595 2495 1649 scrutinium.
2532 1596 2642 1666 Τὴν
2677 1599 2776 1667 μὲν
2822 1598 3044 1668 πρώτην
3098 1604 3368 1671 σφραγῖδα
3418 1620 3516 1657 κα-

1940 1682 2091 1738 λοῦσι
2130 1686 2363 1754 μικράν·
2396 1685 2637 1742 Primum
2679 1692 2908 1759 sigillum
2939 1704 3121 1747 vocant
3164 1696 3363 1751 minus.
3396 1698 3519 1752 Pri-

1944 1790 2087 1829 mum
2147 1776 2403 1845 sigillum,
2458 1777 2562 1834 hoc
2608 1791 2710 1846 est,
2771 1793 2829 1837 ut
2876 1785 2987 1853 jam
3012 1786 3252 1856 plerique
3294 1800 3511 1855 vocant,

1936 1868 2173 1936 primum
2200 1870 2539 1934 scrutinium,
2562 1884 2756 1927 vocant
2785 1876 2987 1931 minus.
3040 1878 3109 1931 At
3139 1894 3265 1935 vero
3287 1882 3515 1951 patriar-

1934 1958 2091 2011 cham
2150 1958 2536 2031 (Cpolitanum)
2584 1976 2677 2030 per
2732 1980 2921 2019 unum.
2956 1966 3218 2023 duntaxat
3254 1972 3510 2040 sigillum.

1936 2050 2038 2103 hoc
2062 2058 2145 2104 est
2171 2065 2280 2104 uno
2312 2054 2593 2117 scrutinio,
2635 2055 2858 2126 eligunt,
2901 2073 2967 2113 eo
3020 2063 3160 2128 quod
3212 2044 3515 2134 πρόϐλησις

1936 2158 2029 2199 seu
2064 2145 2395 2201 renuntiatio
2432 2147 2498 2200 ab
2533 2146 2860 2216 imperatore
2892 2149 3032 2204 facta
3066 2154 3314 2222 suppleat
3341 2156 3510 2210 vicem

1937 2235 2098 2306 375
2137 2236 2364 2292 minoris
2388 2238 2572 2307 sigilli.
2598 2240 2750 2305 Quod
2782 2242 2856 2295 ait
2898 2240 3112 2309 Junius,
3164 2244 3392 2312 primum
3450 2248 3515 2300 il-

1938 2330 2027 2384 lud
2052 2329 2284 2397 sigillum
2309 2344 2401 2384 seu
2430 2331 2755 2387 scrutinium
2783 2335 2963 2389 vocari
2987 2337 3394 2391 nominationem
3428 2341 3508 2393 vel

1937 2424 2413 2489 pra’sentationem,
2479 2425 2775 2479 secundum
2835 2444 2963 2482 vero
3015 2430 3352 2484 collationem
3401 2435 3515 2487 sive

1938 2512 2277 2575 collaturum,
2305 2513 2355 2567 id
2381 2513 2605 2568 minime
2633 2515 2876 2582 dixisset,
2912 2519 2956 2573 si
2982 2535 3046 2574 ex
3076 2525 3199 2590 jure
3232 2523 3515 2577 didicisset

1936 2599 2193 2668 quidnam
2238 2599 2330 2668 jus
2387 2602 2727 2667 nominandi,
2776 2607 2904 2674 quid
2956 2607 3047 2677 jus
3071 2612 3430 2679 praesentandi
3463 2625 3515 2667 et

1939 2691 2068 2760 quid
2091 2691 2180 2760 jus
2210 2691 2521 2747 conferendi
2557 2704 2720 2749 esset.
2759 2695 2867 2752 Nec
2904 2698 3003 2753 hoc
3045 2702 3425 2763 omittendum,
3460 2705 3514 2757 in

1941 2779 2350 2835 Turco-Graacia
2368 2783 2465 2853 τὴν
2491 2783 2710 2856 πρώτην
2735 2786 2831 2839 καὶ
2849 2787 3108 2859 δεύτερον
3132 2794 3403 2862 σφραγῖδα
3425 2810 3518 2849 vo-

1940 2870 2051 2921 cari
2083 2870 2142 2922 τὸ
2166 2871 2383 2939 πρῶτον
2408 2874 2504 2926 καὶ
2531 2874 2783 2946 δεύτερον
2814 2878 3062 2948 μήνυμα,
3080 2896 3132 2949 p.
3164 2883 3285 2937 108.
3304 2883 3512 2939 Gal-:15.

2008 2958 2070 3015 P.
2107 2960 2229 3015 104.
2271 2960 2627 3033 [Electionem
2648 2968 3161 3040 deputationemque
3186 2975 3249 3027 sd
3282 2977 3514 3029 ollicintn

1940 3052 2253 3121 quodpiam,
2285 3063 2342 3107 ut
2378 3064 2430 3109 et
2462 3072 2776 3127 germanam
2809 3060 2862 3113 in
2897 3062 3029 3116 illud
3081 3066 3511 3131 institutionem,

1941 3154 2131 3198 vocant
2161 3145 2516 3200 ecclesiastici
2547 3151 2839 3218 σφραγῖδα,
2869 3168 2968 3206 ceu
3010 3156 3192 3211 crucis
3224 3159 3382 3228 signo
3433 3161 3515 3214 vel

1938 3236 2055 3290 ﬁeri
2073 3236 2286 3291 solitam
2303 3239 2385 3291 vel
2404 3240 2695 3296 lirmatam.
2717 3244 2807 3296 illa
2828 3244 3018 3316 πρώτη
3036 3247 3128 3299 καὶ
3148 3251 3321 3318 μικρά
3340 3266 3488 3319 σφρα
3502 3282 3516 3292 -

1937 3330 2045 3398 γὶς,
2079 3334 2190 3386 haec
2219 3334 2445 3404 δευτέρα
2476 3336 2572 3391 καὶ
2593 3337 2823 3407 μεγάλη.
2872 3337 3011 3404 Quia
3042 3356 3173 3396 vero
3215 3357 3321 3396 non
3356 3359 3517 3399 cruce

1938 3421 2117 3492 signat
2150 3424 2446 3493 imperator
2477 3428 2865 3495 patriarcham,
2914 3430 3094 3485 minor
3142 3432 3415 3501 siquidem
3482 3449 3511 3489 a

1938 3516 2503 3584 majoribenedicitur,
2524 3519 2642 3587 ejus
2668 3520 2858 3574 electio
2885 3526 3084 3577 virtute
3106 3535 3300 3591 parest
3324 3524 3515 3598 πρώτῃ

1938 3607 2214 3677 σφραγῖδι,
2235 3624 2429 3663 nomen
2450 3611 2803 3666 nihilominus
2824 3628 2929 3666 non
2951 3614 3292 3682 adipiscitur.
3314 3615 3514 3691 Gosn.]

2008 3700 2067 3755 Ρ.
2101 3701 2222 3755 105.
2256 3701 2457 3756 Eodem
2486 3705 2645 3757 modo
2679 3720 2787 3773 quo
2832 3707 3139 3774 patriarcha
3191 3707 3515 3777 Cpolitanus

1938 3802 2154 3861 tresque
2183 3793 2360 3846 caeteri
2394 3794 2739 3861 patriarchze,
2787 3794 3099 3864 eligebatur
3142 3799 3515 3868 archiepisco-

1937 3898 2039 3952 pus
2062 3882 2343 3945 Achridis;
2366 3897 2487 3951 qua:
2508 3884 2632 3951 quia
2661 3884 2828 3950 patria
2848 3882 3141 3938 Justiniani
3169 3886 3515 3955 imperatoris

1936 3984 2073 4037 erat,
2102 3974 2169 4027 ab
2198 3973 2386 4029 eodem
2421 3975 2592 4043 prima
2620 3974 2927 4029 Justiniana
2963 3988 3153 4030 vocata
3172 3987 3275 4043 est,
3302 3980 3514 4048 magnis

1938 4076 2097 4121 aucta
2128 4066 2442 4135 privilegiis,
2473 4081 2578 4134 qua
2629 4067 3018 4121 ecclesiasticis
3058 4084 3163 4135 qua
3220 4070 3453 4137 politicis
3492 4088 3523 4137 ;.

1937 4171 2098 4225 quam
2121 4156 2185 4211 ad
2206 4157 2730 4225 archiepiscopatum
2750 4159 2946 4223 evexit,
2971 4160 3132 4229 cique
3151 4160 3511 4228 subjecitotn-

1938 4264 2034 4303 nes
2064 4240 2419 4316 provinciales
2447 4249 2730 4316 episcopos
2783 4249 3103 4313 dimceseos,
3124 4250 3299 4307 Dacia
3321 4262 3377 4307 et
3395 4252 3511 4325 My-

1938 4338 2031 4391 siae
2058 4339 2326 4398 secundm,
2382 4337 2685 4403 Dardaniae,
2740 4338 3108 4393 Praevalitanae
3155 4353 3209 4394 et
3257 4348 3523 4398 secundas

1886 4442 1889 4447 '
1936 4428 2648 4498 Macedonia.Gregoras,l.
2685 4447 2756 4484 tt:
2786 4431 2927 4485 Olim
2970 4431 3305 4487 Justiniauns
3350 4440 3514 4506 impe-

265 4528 546 4588 σταντίνος
576 4528 632 4579 ὲν
654 4526 731 4594 τῷ
762 4524 996 4594 ἀμϐωνι,
1031 4529 1249 4596 κρατῶν
1298 4530 1703 4582 Κωνσταντίνον
1731 4548 1827 4599 μο-
1864 4521 1873 4574 Ῑ

1938 4533 2085 4574 rator
2112 4537 2228 4573 eam
2259 4524 2576 4590 prouinciam
2602 4539 2666 4575 ex
2686 4540 2789 4591 qua
2821 4526 3073 4578 oriundus
3104 4537 3353 4580 eratcum
3390 4531 3525 4583 aliis»

262 4621 427 4689 ναχὸν
455 4619 753 4671 ἐπίσκοπον
782 4620 1073 4688 γενόμενον
1099 4621 1191 4671 τοῦ
1218 4621 1469 4687 Συλαίου,
1528 4623 1616 4674 καὶ
1679 4626 1836 4675 ὲπευ-
1870 4658 1873 4662 ι

262 4714 497 4783 ξάμενος
530 4713 631 4781 ἔφη
670 4713 881 4782 μεγάλῃ
935 4715 999 4781 τῇ
1040 4716 1189 4781 φωνῇ
1253 4732 1271 4763 ι
1309 4714 1703 4785 Κωνσταντίνῳ
1755 4719 1834 4769 ol-

259 4800 570 4868 κουμενικῷ
602 4804 920 4872 πατριάρχῃ
942 4801 1113 4854 πολλὰ
1142 4803 1207 4855 τά
1245 4802 1362 4872 ἔτη.
1400 4821 1417 4854 ι

335 4891 400 4945 P.
460 4890 583 4945 104.
634 4891 1001 4963 [Ἀπέρχεται
1082 4894 1358 4961 ἱππότης.
1424 4894 1713 4952 Restitutio
1781 4898 1831 4952 in

259 4986 543 5049 thronum,
575 5000 725 5055 aeque
760 5000 821 5039 ac
856 4986 1088 5054 primum
1120 4987 1387 5054 instituto,
1415 4987 1567 5043 Isaia:
1600 4990 1827 5058 patriar-

259 5077 379 5132 chae
435 5091 617 5144 parem
668 5076 927 5130 honorem
960 5078 1204 5132 exhibuit
1229 5078 1415 5147 junior
1462 5080 1827 5146 Andronicus,

260 5179 403 5223 teste
442 5166 841 5232 Cantacuzeno,
886 5169 921 5220 l.
975 5184 1013 5231 ι,
1040 5184 1091 5223 c.
1129 5170 1229 5225 ult.
1273 5188 1289 5224 :
1342 5171 1452 5224 Καὶ
1515 5173 1829 5246 πατριάρχῃ

274 5259 476 5328 Ἦσατᾳ
504 5258 573 5310 δι’
611 5258 772 5311 αὑτὸν
821 5260 1275 5332 ἐγκεκλεισμένῳ,
1318 5262 1442 5316 ὅσον
1472 5280 1529 5315 τε
1560 5264 1587 5315 ὁ
1641 5266 1824 5334 καιρὸς

260 5348 441 5399 ἐδίδου
469 5347 888 5417 εὐχαριστήσας,
912 5351 1003 5401 καὶ
1025 5351 1105 5413 είς
1130 5350 1189 5403 τὸ
1212 5356 1598 5423 πατριαρχεῖον
1629 5356 1713 5421 ἐφ’
1743 5356 1829 5407 ἵπ-

258 5456 365 5490 που
425 5437 718 5505 βασιλικῶς
768 5445 1182 5510 κεκοσμημένου
1242 5444 1485 5511 ἀγαγὼν,
1557 5446 1827 5516 ἐπανῆκεν

258 5528 417 5592 αὖθις
464 5532 542 5593 είς
577 5532 642 5583 τὰ
669 5531 934 5599 βασίλεια.
968 5534 1303 5590 Geunadium
1340 5538 1700 5605 patriarcham
1742 5556 1824 5594 re-

257 5633 448 5678 center
480 5634 855 5677 consecratum
887 5623 1222 5679 Mohatnetus
1270 5630 1486 5681 nomine
1527 5629 1821 5696 secundus,

256 5714 467 5779 primus
487 5712 662 5781 Cpolis
691 5714 793 5768 sibi
822 5715 1075 5784 subjecta:
1105 5717 1338 5773 inﬁdelis
1358 5728 1639 5788 tyrannus,
1663 5738 1823 5790 μετα-

257 5804 632 5875 καλεσάμενος
665 5806 812 5862 ἔνδον
842 5808 948 5860 τῶν
977 5809 1259 5879 βασιλείων
1285 5812 1447 5864 αὑτοῦ
1489 5812 1643 5873 ίδίλις
1670 5814 1825 5880 χερσὶ

1937 4612 2114 4665 multis
2138 4615 2284 4665 rebus
2306 4624 2548 4678 ornarat,
2576 4624 2683 4665 tum
2708 4619 2930 4682 primam
2945 4614 3315 4669 Justinianam
3333 4623 3522 4687 appel~

1935 4704 2155 4767 laverat,
2191 4713 2344 4773 atque
2371 4706 2531 4759 etiam
2563 4720 2811 4773 perpetua
2858 4706 3097 4762 libertate
3147 4710 3393 4775 donarat,
3451 4728 3517 4766 eo

1935 4804 2106 4847 tamen
2138 4805 2365 4863 excepto,
2398 4812 2459 4849 ne
2486 4797 2598 4865 ejus
2635 4798 3015 4865 archiepiscopi
3033 4798 3524 4855 Rontunorumint-

1933 4899 2201 4955 peratores
2223 4889 2526 4957 inungerent
2558 4907 2577 4955 ;
2605 4906 2720 4958 qua:
2744 4894 3091 4960 prtrrogativa
3119 4894 3329 4962 legibus
3384 4897 3522 4949 aliis.

1934 4987 2011 5033 est
2037 4994 2297 5043 concessa,
2328 4988 2426 5030 etc.
2465 4978 2631 5048 Regia
2680 4981 2824 5033 sedes
2875 4997 3053 5034 eorum
3107 4982 3523 5054 (Bnlgarormu)

1931 5074 2169 5141 deinceps
2200 5072 2321 5125 urbs
2349 5088 2410 5124 ea
2439 5088 2547 5124 esse
2564 5074 2713 5138 carpit
2739 5090 2894 5143 quam
2912 5072 3249 5129 Justiniauus
3280 5079 3510 5145 impera:-

1931 5175 2013 5217 tor
2029 5165 2503 5232 archiepiscopatus
2526 5165 2717 5217 honore
2728 5167 3034 5235 primisque,
3051 5177 3105 5218 ut
3119 5168 3369 5233 diximus,
3383 5167 3521 5222 lus,

1931 5258 2147 5309 tiniance
2182 5257 2390 5309 nomine
2419 5258 2643 5310 ornat-it.
2673 5257 2801 5311 Post
2825 5258 3175 5327 appellatione
3225 5263 3390 5328 gentis
3436 5262 3513 5315 it-

1929 5347 2030 5399 lius
2051 5348 2258 5417 vulgata
2278 5347 2420 5401 locus
2440 5349 2546 5417 ipse
2564 5347 2813 5417 Bulgaria
2837 5348 3008 5403 dictus
3033 5359 3129 5413 est,
3160 5362 3205 5404 et
3238 5350 3517 5420 Bulgariw

1929 5440 2232 5507 metropolis
2260 5441 2433 5507 prima
2464 5439 2791 5493 Iustiniano.
2832 5442 2960 5497 Vide
2990 5443 3265 5497 Novellam
3302 5446 3357 5497 11
3409 5442 3512 5499 Ju-

1931 5532 2149 5586 stiniani
2176 5542 2227 5584 et
2262 5530 2328 5583 ad
2355 5546 2470 5584 cant
2503 5532 2709 5586 scholia
2740 5532 2969 5602 Cujacii,
2997 5546 3051 5589 et
3077 5535 3349 5589 Novellant
3380 5536 3511 5589 151.

1933 5626 2048 5678 Alia
2084 5622 2388 5677 Jnstiniana
2425 5625 2644 5679 nomine
2670 5628 3279 5696 secundal’uitinCypro
3303 5630 3510 5693 insula,

1934 5718 2105 5786 patria
2130 5714 2427 5769 Theodorae
2451 5717 2663 5780 uxoris,
2703 5726 2760 5770 ut
2812 5728 2895 5772 est
2946 5722 3084 5789 apul
3135 5720 3504 5788 Nicephorum

1934 5826 2070 5879 xvu,
2096 5808 2186 5873 ‘28,
2217 5819 2272 5865 et
2302 5824 2412 5874 xvi,
2448 5810 2538 5875 '57,
2573 5825 2883 5881 quanquam
2922 5814 3243 5877 Prmoniis,
3279 5817 3312 5866 Ι.
3352 5829 3402 5866 tv
3432 5813 3509 5868 De
