4224 6450
721 372 827 435 ιῖ3

1778 381 1861 441 IN
1901 383 2201 448 LIBRUM
2246 389 2346 449 DE
2378 390 2716 455 OFFICIIS
2776 395 2885 455 CP.

3848 399 3957 467 42L

721 490 814 591 qui
862 490 1191 591 patriarchae
1227 494 1598 591 concellaneus
1650 511 1713 551 ac
1746 498 1866 567 ejus
1912 504 2283 571 πνευματικός
2314 513 2358 570 Α
2387 511 2618 577 possunt
2651 513 2716 566 ad
2753 514 2901 568 varia
2955 514 3069 569 loca
3122 514 3317 571 Codini
3338 516 3393 571 in
3454 516 3657 586 quibus
3709 520 3962 591 maadgc

721 583 880 645 foret,
908 587 1001 639 sed
1029 596 1081 638 et
1102 588 1192 653 qui
1226 588 1523 656 imperator
1542 600 1825 660 praestaret
1854 592 1993 649 idem
2020 595 2283 661 ofﬁcium,

722 691 787 730 eo
809 678 1024 731 nomine
1042 676 1207 748 379
1226 690 1497 746 vocatum,
1514 684 1658 751 quod
1680 685 1917 739 maxime
1935 702 2148 755 semper
2163 702 2287 741 eum

722 768 1100 835 comitaretur,
1132 784 1196 825 ac
1232 772 1283 825 in
1317 773 1517 841 palatio
1555 775 1618 827 ad
1669 775 1786 845 ejus
1834 776 2021 829 cellam
2060 777 2292 845 (κελλίον

722 860 864 913 enim
897 860 1058 913 etiam
1091 862 1437 933 imperatoris
1479 868 1742 922 secretius
1773 870 2052 936 penetrale
2087 871 2290 926 dictum

722 954 995 1023 superius)
1016 958 1370 1011 concellaneus
1394 958 1711 1025 σύγκελλος,
1737 976 1798 1016 ac
1820 977 1933 1031 prae
1953 963 2073 1017 aliis
2094 964 2292 1033 dignus

726 1046 901 1112 μέγας
951 1050 1436 1117 πρωτοσύγκελλος
1486 1053 1783 1108 habitaret.
1836 1055 2071 1108 Aderant
2120 1056 2167 1109 ei
2225 1056 2293 1124 (si

723 1137 984 1194 Pbranzae
1016 1140 1296 1210 interpreti
1327 1143 1457 1199 ﬁdes
1478 1144 1744 1215 habenda)
1762 1147 2053 1201 sacerdotes
2076 1149 2159 1202 sui
2182 1149 2296 1217 (pa-

726 1231 879 1285 latini
909 1232 1190 1301 nimirum)
1218 1244 1270 1288 et
1294 1235 1588 1295 spiritualis
1610 1247 1757 1303 pater
1774 1237 2049 1306 Gregorius
2076 1256 2294 1309 magnus

726 1325 1145 1392 protosyngelus.
1166 1324 1241 1378 De
1254 1325 1462 1381 Joanne
1480 1328 1804 1395 imperatore
1822 1328 2061 1397 loquitur
2076 1331 2142 1383 ad
2164 1346 2297 1385 eon-

729 1416 915 1470 cilium
948 1416 1321 1473 Florentinum
1344 1420 1481 1473 viam
1521 1432 1859 1488 capessente.
1895 1421 2101 1477 Scribit
2128 1439 2295 1492 porro

730 1509 1162 1576 protosyugelus,
1197 1520 1358 1576 prout
1393 1508 1481 1564 alii
1528 1509 1716 1567 Graece
1752 1512 2015 1579 σύγγελον
2042 1514 2111 1567 ob
2142 1530 2294 1568 eam-

734 1598 850 1650 tlcm
889 1614 1011 1651 cum
1056 1599 1322 1666 σύγκελου
1358 1604 1858 1672 pronuntiationem
1895 1614 1949 1658 et
1990 1605 2292 1671 ignoratam

733 1692 1033 1757 συγκέλ).ου
1058 1695 1289 1761 propriae
1312 1695 1462 1749 vocis
1485 1695 1903 1762 signiﬁcautiam
1932 1703 1981 1747 et
2003 1695 2290 1763 originem.

803 1783 864 1838 P.
886 1785 1007 1838 105.
1037 1785 1687 1857 [ΚαθηγούμενοιῺυΟε
1709 1791 2047 1860 ἡγουμένους
2078 1804 2296 1858 quoque

738 1873 972 1928 dicimus
999 1893 1012 1927 :
1052 1878 1500 1945 προηγουμένους
1525 1888 1728 1943 autem,
1752 1881 1843 1948 qui
1871 1881 1968 1935 hos
2012 1882 2067 1934 in
2119 1880 2297 1935 cilicio

743 1978 1142 2033 prwresserunt,
1175 1978 1229 2023 et
1261 1971 1603 2036 superiorum
1638 1987 1886 2038 munere,
1920 1988 2029 2042 quo
2061 1987 2117 2026 se
2143 1971 2302 2026 abdi-

733 2072 950 2126 carunt,
991 2071 1118 2117 sunt
1169 2064 1360 2119 functi.

806 2157 946 2210 Ibid.
971 2158 1117 2230 [Τὴν
1132 2159 1449 2229 σφραγῖδα.
1468 2159 1791 2228 Πρόϐ).ησιν,
1812 2158 2303 2227 προχείρισινδρνο-

736 2253 1025 2304 motionem
1052 2252 1308 2321 intellige,
1345 2268 1464 2320 qua:
1492 2252 1635 2305 facto
1657 2254 1839 2307 crucis
1879 2253 2033 2321 signo
2068 2252 2302 2322 comple-

734 2353 903 2399 retur.
942 2345 1209 2414 Requires
1246 2346 1299 2398 in
1345 2344 1764 2413 Eucltologicis;
1808 2355 1862 2399 et
1900 2344 2151 2399 consules
2209 2359 2303 2413 po-

734 2447 994 2492 stremam
1026 2440 1323 2507 superioris
1375 2440 1565 2508 capitis
1596 2449 1801 2493 notam.
1828 2439 1995 2493 Gosn.

808 2530 951 2584 ll-id.
984 2531 1088 2584 Kal
1115 2534 1168 2583 οἱ
1192 2530 1307 2599 μὲν
1328 2532 1617 2599 ἀρχιερεῖς
1647 2534 1733 2596 εις
1756 2532 2177 2598 προσκύνησιν
2199 2532 2304 2585 τοῦ

731 2625 1055 2689 βασιλέως,
1094 2625 1171 2691 ὠς
1194 2626 1443 2689 εῖρηται,
1471 2625 1786 2695 ἐρχόμενοι
1820 2626 1965 2692 μετὰ
1987 2623 2104 2677 τῶν
2132 2625 2304 2692 ἐχόν-

733 2734 854 2771 των
869 2718 1143 2784 paratior
1174 2717 1371 2770 αὐτῶν
1401 2718 1725 2783 ποταμούς.
1754 2715 1946 2770 Junius
1974 2732 2025 2786 p.
2052 2716 2157 2769 212
2189 2717 2306 2770 edi-

736 2810 899 2862 tionis
934 2824 1065 2871 suae,
1100 2806 1141 2870 l,
1178 2824 1229 2862 c.
1268 2808 1357 2871 ΞΟ,
1402 2824 1457 2861 n.
1492 2808 1556 2863 16
1582 2824 1595 2861 :
1623 2807 1829 2861 Summi
1857 2817 2029 2861 autem
2057 2809 2303 2861 sacerdo-

734 2910 808 2952 tes
837 2901 907 2953 ad
936 2900 1283 2953 salutandum
1328 2900 1725 2965 imperatorem,
1784 2908 1841 2951 ut
1909 2898 2165 2961 diximus,
2221 2915 2304 2951 ve-

735 2999 934 3046 nientes
968 3009 1084 3045 cum
1124 2993 1246 3045 aliis
1286 2992 1574 3061 tnandyum
1609 3008 1762 3045 suum
1804 2990 2143 3046 habentibus.
2178 2990 2306 3044 Per-

738 3102 947 3155 pcratu.
993 3086 1139 3155 Lege”
1168 3101 1229 3138 ex
1261 3084 1443 3139 codice
1476 3083 1728 3137 Lautber.
1764 3082 1900 3150 μετὰ
1922 3083 2027 3135 τῶν
2074 3082 2304 3150 ἑχόντων

2394 604 2725 658 mentionem
2754 605 2907 661 facit.
2942 608 3097 674 Quod
3148 610 3344 668 Junius
3398 613 3645 685 mandyte
3690 615 3959 684 originem

2393 709 2454 747 ex
2481 695 2697 750 Persica
2727 698 2908 769 lingua
2950 702 3192 767 deducit,
3219 721 3273 773 p.
3311 706 3439 769 336.
3468 705 3520 759 id
3553 706 3707 768 facit.
3740 707 3959 775 opinor,

2395 796 2452 840 ut
2492 789 2718 845 Persica:
2742 791 2939 862 lingua:
2969 811 3077 850 non
3106 797 3353 866 ignarum
3398 800 3654 853 sciamus.
3681 796 3865 864 Longe
3887 796 3970 851 la-

2396 884 2555 937 cilius
2579 900 2608 939 a
2637 885 2838 941 Latino
2867 890 3124 944 mantello
3151 900 3244 945 aut
3266 889 3595 948 Germanico
3637 892 3840 949 Mentel
3874 894 3968 947 de-

2395 977 2661 1034 duxisset.
2700 979 2809 1035 Nec
2835 983 3105 1037 assentior
3129 983 3392 1052 Meursio,
3420 986 3512 1056 qui
3545 988 3620 1042 ita
3677 988 3826 1055 legit,
3876 990 3971 1051 ἑρ-

2397 1073 2613 1138 χόμενοι
2692 1077 2829 1143 μετά
2856 1076 2964 1128 τῶν
3049 1078 3283 1146 ἑχόντων
3364 1078 3596 1148 μανδύον
3660 1082 3729 1147 μὶ
3796 1097 3971 1132 ποτα-

2400 1165 2557 1233 μούς.
2590 1165 2721 1221 Nam
2751 1184 2946 1225 sensus
2978 1180 3123 1226 esset
3158 1188 3171 1227 :
3198 1172 3447 1241 Episcopi
3470 1176 3681 1228 veniunt
3710 1174 3876 1244 380
3897 1173 3971 1225 ad

2396 1259 2777 1339 uenerationem
2809 1262 3152 1330 imperatoris
3208 1280 3328 1318 cum
3352 1265 3459 1318 illis
3494 1267 3582 1334 qui
3602 1266 3791 1319 habent
3817 1281 3973 1318 man-

2397 1351 2557 1419 dyum
2591 1370 2706 1407 cum
2742 1355 2915 1423 fluviis
2944 1356 3057 1410 sive
3083 1358 3421 1416 undulatum,
3453 1372 3578 1411 cum
3612 1359 3827 1427 ipsimet
3884 1357 3972 1409 in-

2398 1441 2513 1494 duti
2556 1444 2802 1513 mandyis
2849 1445 3124 1501 undulatis
3156 1447 3373 1500 veniant
3403 1448 3467 1502 ad
3500 1448 3704 1500 cultum
3738 1448 3974 1514 impera-

2399 1533 2498 1586 tori
2523 1532 2893 1587 delerendum.
2920 1532 3027 1589 Nec
3068 1535 3358 1593 barbarico
3394 1535 3484 1587 illo
3530 1534 3852 1587 bellenismo
3906 1531 3974 1600 μι

2397 1637 2497 1691 pro
2536 1625 2670 1690 μετά
2711 1623 3090 1693 Curopalatam
3143 1642 3302 1680 usum
3371 1641 3492 1681 esse
3540 1626 3837 1680 verisimile
3888 1628 3965 1692 lit,

2400 1715 2703 1780 prmsertim
2736 1716 2841 1769 hoc
2871 1717 2991 1770 solo
3023 1726 3075 1771 et
3091 1705 3263 1771 unico
3318 1718 3461 1771 loco.
3499 1717 3689 1773 Potius
3745 1721 3847 1772 boc
3872 1734 3974 1772 nu-

2403 1816 2532 1870 pero
2557 1804 2717 1857 alicui
2752 1804 2959 1861 Malaxo
3006 1820 3294 1877 competat,
3340 1810 3451 1878 'qui
3500 1810 3553 1863 in
3612 1809 3974 1878 patriareltica

2405 1910 2500 1948 sua
2548 1896 2787 1951 historiae
2813 1898 3200 1969 Tureograreia:
3236 1903 3439 1957 inserta
3471 1903 3692 1973 ιχὰρισε
3751 1902 3974 1956 καππά-

2405 2004 2517 2038 σιον
2552 1988 2801 2058 ἔνδύμιον
2835 1993 2900 2060 μὲ
2927 1994 3358 2063 τὸνᾎιαμουχᾶν,
3416 1995 3505 2048 καὶ
3539 1995 3710 2064 μανδῆ
3731 1995 3796 2063 μὲ
3846 1994 3975 2056 τοὺς

2405 2084 2707 2149 ποταμοὺς,
2740 2085 2835 2139 καὶ
2859 2085 3049 2150 ἄλογον
3083 2087 3311 2156 ἄσπρον.
3340 2086 3570 2161 Caus]

2477 2174 2618 2229 Ibid.
2667 2174 2950 2247 [Superius
3012 2178 3325 2247 pontiﬁcum
3376 2180 3755 2234 indumentum
3819 2188 3973 2233 extra

2408 2268 2697 2322 missarum
2730 2270 2994 2344 solemnia
3021 2281 3105 2325 est
3130 2271 3413 2340 mandyas,
3437 2271 3600 2340 pallio
3631 2286 3790 2336 quam
3821 2270 3973 2324 simi-

2407 2358 2495 2423 lis,
2514 2359 2578 2413 ad
2614 2359 2797 2414 fauces
2816 2359 2977 2414 ﬁbula
2994 2376 3189 2423 nexus,
3211 2361 3422 2417 sinibus
3446 2370 3499 2415 et
3524 2362 3672 2430 rugis
3700 2361 3975 2426 amplissi-

2406 2466 2530 2505 mus
2557 2458 2610 2504 et
2643 2451 2867 2505 omnino
2890 2452 3123 2519 insignis
3172 2452 3252 2506 Ad
3276 2453 3397 2518 ejus
3428 2453 3595 2507 latera
3652 2454 3794 2506 circa
3845 2468 3976 2507 ven-

2406 2548 2541 2594 trerr
2570 2537 2745 2592 allisa:
2766 2551 2891 2593 sunt
2917 2540 3143 2595 teniola:
3174 2540 3281 2595 albi
3319 2542 3578 2609 rubrique
3633 2543 3832 2597 coloris
3864 2552 3973 2595 ter-

2406 2646 2509 2694 nte,
2535 2629 2734 2701 quibus
2766 2630 3130 2701 undequaque
3158 2633 3402 2688 variatur
3423 2642 3476 2687 et
3514 2634 3833 2688 adornatur.
3857 2632 3975 2688 Ta-

2408 2722 2695 2775 niolteillaa
2725 2730 2854 2777 sunt
2911 2723 3169 2791 ποταμοί,
3226 2725 3292 2778 de
3353 2726 3551 2794 quibus
3594 2727 3647 2780 iu
3693 2726 3973 2796 praesenti,

2406 2828 2637 2882 eamque
2670 2816 2899 2881 gratiam
2930 2825 2983 2869 et
3006 2817 3290 2872 scientiam
3358 2818 3648 2890 designant
3691 2836 3857 2887 quam
3895 2820 3976 2873 in-

2407 2905 2612 2958 tellexit
2644 2905 2902 2960 Christus
2923 2907 3037 2976 ipse
3066 2906 3349 2972 Dominus,
3393 2910 3581 2964 dicens
3613 2930 3631 2963 ι
3662 2910 3886 2964 ﬂumina
3914 2912 3978 2964 de

2408 3006 2594 3050 ventre
2618 2997 2736 3065 ejus
2762 2997 3095 3061 liuent,etc.
3165 3000 3242 3054 Ac
3302 3011 3585 3070 prapterea
3647 3002 3793 3056 circa
3843 3017 3977 3056 ven-

2409 3090 2545 3134 trem
2571 3083 2818 3151 appiclaa.
2850 3083 3113 3151 Superius
3143 3085 3207 3138 ad
3238 3085 3435 3139 collum
3464 3096 3516 3140 et
3547 3088 3776 3155 angulos
3840 3088 3977 3142 infe-

741 3175 989 3240 μανδύων
1020 3175 1202 3227 αὐτῶν
1230 3172 1530 3241 ποταμούς
1561 3189 1678 3225 cum
1745 3172 1990 3240 mandyis
2045 3170 2155 3224 suis
2209 3170 2305 3223 lta-
2333 3166 2377 3225 (Ζ

2333 3166 2377 3225 C
2412 3172 2587 3227 riores
2619 3182 2746 3227 sunt
2775 3175 3015 3241 πόματα,
3043 3183 3279 3244 quatuor
3306 3177 3562 3247 nimirum
3620 3178 3790 3232 additi
3842 3195 3978 3248 pan-

738 3263 974 3319 bentibus
1013 3265 1221 3333 ﬂuvios.
1255 3263 1371 3317 Hoc
1400 3255 1483 3317 est
1523 3278 1638 3315 cum
1685 3261 1928 3330 mandyis
2002 3259 2299 3314 undulatis.

733 3359 791 3413 in
823 3359 1025 3428 scripto
1062 3356 1310 3411 Graaeob.
1347 3356 1386 3409 ι.
1435 3370 1473 3410 ιι
1546 3352 1854 3408 Turco-Gr.
1918 3351 2143 3420 p.108:
2193 3352 2305 3404 Καὶ

737 3451 909 3517 μανδῆ
973 3450 1041 3519 μὲ
1092 3451 1220 3510 τοὺς
1279 3448 1580 3516 ποταμούς.
1636 3445 1925 3506 Μανδείον,
1982 3441 2160 3510 inquit
2219 3442 2305 3496 ille

735 3541 957 3595 Graecus
994 3540 1047 3592 in
1079 3540 1340 3609 Turcogr.
1373 3553 1426 3605 p.
1465 3536 1585 3599 l89,
1620 3535 1870 3600 λέγουσιν
1898 3532 1924 3583 ὃ
1966 3532 2119 3598 φέρει
2173 3529 2307 3582 ἑπά-

738 3634 854 3684 νωό
874 3630 1219 3699 πατριάρχης
1249 3627 1387 3694 μετὰ
1412 3623 1692 3692 ποταμῶν,
1748 3622 1835 3674 διὰ
1876 3621 1934 3672 τὸ
2000 3619 2306 3673 διδακτικδν

733 3722 994 3790 ὀφείλειν.
1040 3720 1246 3773 Dicitur
1296 3732 1424 3786 ergo
1485 3715 1741 3783 μανδύας,
1797 3712 2066 3782 μανδεῖον,
2104 3711 2303 3779 μανδῆ,

736 3826 789 3870 et
830 3813 1075 3885 μαντίον,
1118 3828 1145 3865 a
1182 3826 1290 3880 quo
1319 3812 1372 3863 in
1399 3808 1665 3876 Turcogr.
1694 3822 1749 3875 p.
1782 3806 1882 3860 189
1913 3819 2139 3858 numero
2168 3804 2309 3857 mul-

738 3906 986 3960 titudinis
1018 3905 1086 3956 τὰ
1115 3898 1425 3972 μαντία.οἰ
1468 3900 1743 3968 ἀργιερεῖς
1808 3896 2041 3965 βαστοῦν
2102 3898 2181 3957 εἰς
2238 3896 2309 3950 τὰ

744 3994 944 4061 μαντία
967 3995 1090 4053 τοὺς
1125 3991 1403 4058 ποταμοὺς
1438 3991 1725 4050 κοκκίνους
1744 3989 1835 4039 καὶ
1868 3988 2134 4056 ἅσπρους,
2170 3986 2311 4039 Ροη-

744 4087 910 4153 tiﬁces
941 4093 1148 4155 gestant
1184 4085 1234 4135 in
1271 4081 1450 4151 palliis
1480 4081 1669 4149 fluvios
1703 4079 1943 4149 (litnbos)
1974 4080 2237 4132 coccineos
2261 4088 2307 4131 et

742 4181 913 4234 albos.
947 4177 1272 4233 Germanice
1328 4174 1549 4237 Mantel,
1584 4187 1613 4225 a
1666 4171 1857 4225 Latino
1916 4174 2166 4225 mantela.
2221 4170 2313 4224 Est

743 4282 923 4326 autem
960 4268 1195 4339 μανδύας
1226 4267 1401 4320 forma
1432 4265 1626 4319 similis
1648 4265 1693 4317 ei
1761 4263 1893 4316 vesti
1930 4278 2096 4316 sacra:
2147 4278 2310 4329 quam

743 4366 904 4435 vulgo
943 4376 1200 4416 vocamus
1226 4360 1309 4413 ein
1336 4355 1750 4420 Rauchmantel;
1784 4363 1837 4409 et
1863 4369 1968 4425 qua
2003 4357 2116 4425 ipse
2146 4355 2314 4423 impe-

2406 3264 2577 3319 niculi
2607 3266 2825 3334 quadri,
2865 3267 2931 3321 de
2961 3268 3157 3334 quibus
3188 3268 3417 3337 singulis
3458 3268 3691 3340 Symeon
3719 3270 3975 3326 Thessal.

2406 3362 2697 3431 episcopus
2726 3380 2739 3415 :
2764 3363 2934 3414 Τοῦτο
2971 3363 3028 3415 δὲ
3065 3364 3160 3417 καὶ
3212 3366 3240 3417 ὁ
3301 3366 3691 3434 ἀρχιερατικὸς
3734 3367 3980 3421 διδάσκει

2410 3454 2670 3520 μανδύας.
2697 3456 2975 3520 ποταμοὺς
2997 3455 3094 3522 μὲν
3114 3456 3251 3525 ἔχων
3306 3457 3393 3510 διὰ
3454 3458 3521 3510 τὰ
3574 3458 3977 3526 προειρημένα,

2409 3546 2629 3613 πόματα
2652 3547 2707 3599 δὲ
2737 3546 2818 3608 ei;
2844 3546 3014 3598 τύπον
3036 3549 3275 3611 παλαιᾶς
3304 3566 3363 3601 τε
3390 3549 3483 3601 καὶ
3509 3550 3704 3618 καινῆς
3728 3550 3978 3619 χάριτος,

2408 3640 2443 3695 ἃ
2468 3641 2722 3710 ὑπεράνω
2751 3644 2957 3696 κεῖνται
2988 3643 3095 3696 τῶν
3120 3645 3402 3711 ποταμῶν.
3433 3645 3627 3717 ϐοΔιι.]

2924 3800 3151 3856 CAPUT
3239 3801 3356 3857 XV.

2415 3915 2817 3985 Observationes
2864 3925 2911 3965 et
2962 3914 3335 3977 explicationes
3383 3917 3434 3969 in
3490 3932 3539 3969 c.
3589 3914 3677 3968 2|.
3731 3918 3795 3969 de
3827 3915 3981 3985 luga-

2695 3984 2870 4037 bribus
2907 3985 3239 4052 imperatoris
3285 3986 3685 4053 gestaminions.

2482 4098 2544 4153 P.
2579 4098 2701 4151 106.
2732 4097 2885 4150 Alius
2913 4098 3107 4151 titulus
3141 4098 3301 4151 liabet
3327 4101 3455 4168 περὶ
3486 4099 3744 4167 βασιλέως
3780 4096 3986 4152 ἀποθα-

2414 4190 2617 4250 νόντος.
2658 4188 2761 4242 Sed
2800 4188 2991 4242 melior
3014 4199 3087 4241 est
3123 4187 3406 4253 inscriptio
3430 4204 3589 4255 quam
3642 4190 3805 4258 capiti
3858 4191 3986 4244 huic

2416 4280 2767 4348 praliximus.
2798 4277 2941 4330 Citat
2991 4277 3091 4330 hoc
3139 4277 3331 4330 Codiui
3400 4289 3567 4345 caput
3622 4278 3987 4335 Casaubonus

2420 4368 2657 4421 Exercit.
2685 4366 2753 4419 56
2769 4362 3300 4418 contraBaronium.
3336 4363 3422 4425 Et,
3457 4362 3556 4416 beu
3588 4364 3755 4432 lquid
3784 4364 3989 4419 laboris

740 4468 895 4512 rator
927 4456 1205 4509 Romanus
1232 4452 1406 4505 adhuc
1437 4451 1488 4503 in
1522 4448 1937 4516 inauguratimie
1983 4448 2230 4517 insigniri
2260 4456 2313 4501 et
2350 4489 2397 4548 Β
2423 4474 2530 4513 non
2563 4456 2825 4520 exanllal,
2846 4454 2974 4522 quid
3003 4454 3220 4507 sudoris
3238 4468 3341 4507 non
3366 4453 3663 4522 profundit,
3686 4470 3826 4522 quos
3845 4456 3989 4524 lecy.

748 4551 895 4619 pingi
921 4550 1057 4602 solet
1081 4560 1299 4616 quoque
1318 4557 1439 4598 cum
1466 4538 2041 4595 electoribus.Simeon
2065 4542 2321 4608 ntagiSter
2354 4538 2391 4548 “’

2320 4562 2321 4565 ‘
2354 4538 2391 4548 ⁷
2427 4552 2551 4604 lbos
2580 4563 2801 4603 suorum
2832 4547 3286 4601 collectaneorum
3319 4561 3426 4598 non
3451 4544 3677 4599 efuudit
3700 4587 3715 4611 ,
3793 4556 3853 4600 ut
3888 4546 3988 4600 do-

749 4644 1049 4696 olliciorutn
1085 4641 1136 4692 in
1169 4637 1437 4691 Paudecte
1465 4634 1648 4687 Histor
1681 4675 1695 4690 .
1722 4633 1986 4695 Turcicaa,
2008 4648 2057 4686 c.
2091 4631 2214 4695 199,
2246 4633 2321 4683 δι-

752 4738 1014 4805 κητήσιον
1044 4742 1198 4786 vocat
1224 4750 1236 4796 ;
1266 4730 1408 4798 quod
1436 4728 1606 4782 Grmci
1628 4727 1799 4794 rogati
1824 4726 1891 4779 ab
1920 4736 2143 4779 auctore
2181 4722 2319 4775 Pan-

750 4830 923 4883 decue
985 4822 1479 4888 interpretabantur
1543 4818 1890 4887 ἑπιμάνδυον,
1956 4817 2108 4886 quasi
2169 4816 2319 4869 dicas

754 4912 1444 4989 sttpramantellum.Forte
1506 4912 1823 4980 δικητήσιον
1882 4911 2035 4979 παρὰ
2090 4909 2189 4978 τὴν
2244 4909 2319 4960 δί-

753 5029 853 5081 κην
878 5011 1171 5071 derivatur,
1206 5017 1265 5059 ut
1293 5016 1346 5058 et
1396 5004 1719 5067 δικανίκιον,
1781 5001 1927 5067 quod
1994 5002 2205 5069 imperii
2266 5007 2318 5053 et

756 5102 1037 5174 potestatis
1065 5099 1277 5167 insigne
1312 5098 1399 5152 sit.
1440 5098 1672 5163 Eratque
1728 5095 1895 5147 vestis
1921 5094 2033 5147 haec
2060 5105 2167 5145 tam
2215 5092 2315 5144 im-

758 5195 1103 5264 peratoribus
1142 5207 1303 5261 quam
1341 5189 1668 5259 patriarcbis
1702 5188 1933 5255 aliisque
1970 5186 2319 5258 pontiﬁcibus

755 5286 1081 5345 communis.
1116 5293 1169 5335 ut
1209 5298 1271 5337 ex
1298 5281 1622 5349 Cumpalata
1648 5288 1700 5332 et
1742 5276 2155 5331 Turco-Grzecia
2191 5291 2321 5329 con-

756 5389 900 5442 stat;
956 5392 1054 5429 nec
1100 5375 1230 5428 satis
1284 5383 1406 5440 apte
1456 5373 1679 5424 vertitur
1744 5371 2189 5438 paludamentum,
2265 5376 2321 5419 ul

758 5468 1007 5539 agnoscit
1038 5466 1199 5517 etiam
1226 5463 1610 5518 Leuuclavius.
1642 5476 1764 5512 cum
1792 5477 1888 5511 vox
1954 5460 2066 5510 haec
2118 5458 2322 5510 milita-

758 5578 867 5616 rem
902 5570 1106 5613 vestem
1140 5557 1425 5626 signiticet,
1456 5553 1695 5622 μανδύας
1732 5560 1909 5623 autem
1970 5551 2129 5602 etiam
2169 5558 2319 5601 extra

756 5663 933 5708 castra
964 5651 1163 5719 gestari
1201 5648 1580 5708 consueverit;
1607 5660 1702 5697 nec
1724 5643 1791 5696 ab
1842 5642 2171 5709 imperatore
2202 5649 2318 5692 tan-

754 5760 889 5810 tum,
920 5748 1010 5799 sed
1041 5745 1178 5799 etab
1204 5742 1454 5798 Ecclesiae
1488 5737 1827 5807 pt'msulibus,
1862 5734 2059 5804 quibus
2085 5733 2319 5799 paluda-

754 5846 986 5891 mentum
1024 5844 1144 5905 apte
1184 5849 1345 5889 nemo
1379 5830 1645 5885 tribuerit.
1681 5828 1744 5882 Et
1777 5827 1891 5881 lucc
1920 5824 2318 5881 accommodari

2423 4652 2543 4698 ceat
2569 4655 2668 4694 nos
2693 4639 2834 4692 aliud
2862 4652 2985 4692 esse
3006 4636 3436 4706 λαμπροφορεῖν,
3461 4637 3606 4689 aliud
3632 4637 3989 4706 λευκοφορεῖν

2423 4750 2516 4787 seu
2545 4732 2935 4799 λευχειμονεῖν,
2971 4729 3116 4782 aliud
3150 4729 3385 4782 colorem
3417 4728 3692 4796 λαμπρόν,
3716 4727 3864 4780 aliud
3898 4743 3989 4782 eo.

2424 4825 2587 4878 lorem
2620 4822 2830 4885 λευκόν,
2866 4820 3134 4873 interdum
3166 4827 3347 4873 tamen
3404 4818 3656 4887 λαμπρὸν
3715 4819 3812 4869 καὶ
3870 4818 3990 4869 λευ-

2422 4918 2517 4969 κόν
2550 4931 2648 4984 pro
2672 4913 2863 4969 eodem
2895 4911 3093 4979 accipi,
3141 4910 3360 4977 proprie
3407 4909 3691 4977 distingui.
3711 4908 3865 4976 Apud
3893 4905 3991 4964 Co-

2422 5010 2623 5070 dinum,
2655 5006 2851 5071 inquit,
2872 5013 3031 5058 vestes
3070 5003 3223 5063 albae,
3254 5001 3425 5055 luctus
3479 5002 3698 5063 indices,
3729 5010 3991 5053 uocantur

2421 5099 2648 5160 λευκαί;
2681 5096 2863 5148 iisdem
2895 5091 3514 5162 ορροηκηιυτλαμπραὶ.
3572 5092 3626 5143 id
3684 5099 3761 5143 est
3812 5105 3993 5145 omnes

2423 5188 2721 5244 nitidiores;
2753 5194 2879 5252 puta
2914 5182 3151 5237 candida
3203 5200 3233 5235 a
3266 5182 3462 5249 fullone
3516 5190 3766 5242 recentes,
3811 5182 3993 5249 quales

2426 5281 2635 5346 fuerunt
2674 5278 2799 5328 olim
2840 5275 3265 5335 candidatorum,
3296 5290 3428 5339 quas
3457 5270 3777 5325 Plutarchus
3806 5283 3856 5325 et
3897 5272 3991 5324 alii

2425 5369 2592 5424 Cra'ci
2626 5367 2881 5434 λαμπράς
2937 5374 3159 5427 vertunt,
3219 5374 3311 5417 aut
3357 5380 3654 5431 purpurae,
3736 5364 3815 5417 uel
3854 5365 3993 5416 alius

2426 5462 2652 5526 cuiusris
2676 5461 2884 5518 coloris,
2923 5458 3208 5525 prwsertim
3230 5457 3551 5509 intensioris.
3575 5456 3694 5509 Non
3710 5457 3849 5507 enim
3876 5456 3992 5508 sola

2427 5552 2654 5604 candida
2686 5549 2932 5601 dicuntur
2960 5546 3211 5614 λαμπρά.
3244 5545 3334 5598 sed
3364 5560 3681 5613 quaecunque
3726 5543 3882 5597 valde
3911 5543 3994 5597 tti-

2430 5652 2558 5703 tent,
2587 5639 3042 5708 cujusmodierant
3067 5652 3181 5688 cum
3210 5637 3389 5701 primis
3416 5636 3523 5687 illm
3548 5633 3851 5703 chlamydes
3889 5631 3995 5685 ueri

2433 5733 2667 5793 luminis,
2698 5730 2761 5783 de
2788 5729 2974 5798 quibus
2996 5728 3062 5779 ad
3095 5727 3415 5780 Trebellium
3438 5724 3727 5778 Pollionem
3752 5725 3987 5776 diximus

2429 5824 2600 5895 Quam
2631 5821 2947 5877 abscondita
2973 5819 3131 5874 nobis
3153 5819 3334 5890 pandit
3391 5827 3653 5887 Operosus
3709 5817 3809 5871 iste
3840 5826 3996 5869 eser—
