4224 6450
228 454 332 521 425

1295 463 1679 524 GRETSERI
1717 460 1808 520 ET
1850 457 2080 523 GOARI
2122 463 2354 523 ΝΟΤᾹΞ.

3363 469 3467 543 426

228 577 421 630 citatur
450 576 461 627 l
498 574 654 641 quasi
688 588 791 625 non
820 573 1004 626 omnia
1032 573 1144 628 lucc
1172 588 1233 628 ex
1272 575 1389 644 ipso
1420 577 1629 630 Codino
1665 573 1799 625 satis
1831 571 1877 630 Α
1903 582 2098 639 portet,
2131 574 2183 647 id
2212 574 2619 644 intelligendum
2679 583 2759 630 est
2794 589 2941 631 extra
2999 596 3182 634 casum
3224 597 3331 648 quo
3361 586 3469 648 ipse

224 682 501 737 superque
562 676 842 735 perspecta
873 669 1003 729 sint,
1059 670 1357 734 praesertim
1412 666 1683 734 adjunctis
1735 664 1801 715 iis

225 774 346 829 qua:
382 773 432 813 c.
474 758 531 812 ll
566 758 704 814 idem
732 757 974 813 Codinus
1030 758 1207 811 tradit.

299 874 438 927 Ibid.
472 872 629 928 Luca:
674 888 810 926 χχιιι
839 872 1059 925 indutus
1090 883 1170 927 est
1202 872 1455 927 Christus
1474 871 1545 923 ab
1570 869 1797 929 Herode,

228 966 425 1017 irrisus
454 979 642 1027 causa,
678 963 837 1033 381
881 962 1086 1031 ἐσθῆτα
1115 963 1396 1032 λαμπράν.
1451 960 1584 1014 Beza
1640 963 1799 1013 vertit

226 1056 576 1122 splendidam,
609 1056 874 1122 interpres
895 1065 1079 1108 noster
1128 1053 1323 1106 albam.
1370 1053 1647 1121 Approbat
1696 1053 1799 1106 hoe

225 1150 609 1210 Casaubonus,
635 1147 763 1213 quia
796 1146 1048 1215 λαμπρόν
1086 1154 1141 1199 et
1169 1145 1363 1197 λευκόν
1416 1160 1557 1214 saepe
1607 1146 1796 1199 eodem

225 1240 533 1309 signitlcatu
570 1250 927 1307 usurpantur.
959 1238 1091 1291 Illud
1121 1238 1310 1292 critica
1370 1236 1547 1292 ferula
1608 1239 1686 1291 sic
1710 1252 1798 1289 ca-

226 1334 393 1399 stigat
423 1347 435 1382 :
470 1328 641 1398 Magis
666 1345 727 1383 ex
767 1344 867 1382 usu
925 1328 1112 1382 Latine
1147 1329 1478 1393 loquentium
1534 1329 1799 1381 dixissent

225 1423 533 1477 candidam.
564 1421 755 1477 Mirum
790 1421 979 1476 Bezam
1008 1422 1107 1475 hoc
1162 1423 1284 1476 loco
1309 1434 1415 1474 non
1470 1419 1638 1475 fuisse
1685 1434 1798 1472 me-

223 1530 434 1568 morem
468 1529 581 1569 sure
635 1513 896 1575 candidae,
929 1527 956 1565 a
1019 1512 1224 1565 fullone
1274 1511 1588 1571 candentis,
1643 1509 1798 1579 cujus

227 1606 424 1659 iterum
452 1605 653 1659 oblitus
681 1602 967 1657 estlacohi
996 1617 1024 1655 (ξ
1071 1619 1129 1661 ιι.
1151 1603 1280 1655 dum
1314 1602 1513 1670 ἐσθῆτα
1540 1602 1638 1671 τὴν
1654 1600 1797 1665 λαμ-

227 1698 372 1764 πράν
406 1698 582 1747 denuo
600 1696 923 1761 splendidam
945 1704 1129 1748 vestem
1161 1699 1567 1762 interpretatur.
1593 1692 1794 1746 Bonam

227 1800 409 1842 utnon
442 1802 689 1855 operam,
720 1784 813 1839 sed
842 1786 1003 1839 nimis
1034 1799 1210 1840 seram
1239 1796 1400 1848 navat
1429 1787 1586 1839 nobis
1609 1796 1795 1839 asceta

1911 664 2203 731 imperator
2264 666 2456 733 luget:
2515 677 2643 717 tunc
2698 683 2840 721 enim
2893 686 3081 725 omnes
3137 671 3462 739 μελανειμι-

1911 755 2113 817 νοῡσιν,
2148 766 2204 808 ιιι
2232 756 2391 824 paulo
2431 767 2587 809 antea
2622 756 2859 815 Codiuus
2890 762 3120 817 dicebat.
3156 764 3364 820 Gns'rs.

2485 885 2711 943 CAPUT
2754 888 2889 944 XVI.

1936 1024 2335 1079 Observationes
2366 1038 2411 1078 et
2444 1028 2823 1096 explicationes
2854 1033 2906 1083 in
2938 1048 2985 1086 ο.
3025 1032 3093 1085 22
3157 1034 3228 1086 De
3284 1038 3472 1104 futura

2364 1115 2556 1164 sponsa
2590 1110 2639 1151 et
2671 1104 3019 1168 imperatrice.

1983 1206 2116 1261 Il-irl.
2148 1208 2465 1278 [ηε-ζεύειν.
2493 1211 2572 1263 Ea:
2596 1228 2723 1278 equo
2750 1214 2826 1266 vel
2847 1231 3001 1267 curru
3023 1219 3231 1272 desilire
3248 1231 3294 1271 ct
3319 1222 3470 1286 pcdu

1906 1296 2160 1353 incedere.
2188 1303 2381 1369 (imm!

1976 1411 2114 1466 Ibid.
2152 1414 2230 1464 Ad
2259 1415 2475 1481 tentent.
2504 1416 2658 1486 Πηγὴ
2690 1433 2781 1473 seu
2813 1420 3006 1487 πηγαὲ,
3046 1423 3302 1490 templum
3335 1427 3474 1478 celu-

1908 1504 2204 1558 bcrrimum
2246 1506 2396 1573 Cpoli
2425 1518 2571 1562 extra
2611 1513 2832 1576 moenia,
2858 1514 3011 1580 cujus
3042 1531 3289 1570 summus
3335 1533 3479 1571 ama-

1910 1606 2013 1659 tor,
2060 1597 2359 1650 admirator
2391 1610 2443 1654 et
2470 1605 2836 1658 cncomiastes
2868 1607 3029 1677 382
3070 1608 3173 1661 fuit
3212 1608 3478 1677 Nicepho—

1905 1700 2000 1739 rus
2033 1686 2307 1749 Callistus,
2346 1702 2401 1743 ut
2439 1704 2656 1748 constat
2686 1710 2753 1748 ex
2785 1698 2821 1749 l.
2859 1714 2923 1751 xv
2984 1699 3240 1755 Historia:
3296 1706 3476 1757 eccle-

1905 1778 2161 1844 siasticae,
2192 1795 2244 1835 c.
2274 1783 2345 1835 ‘25
2375 1793 2427 1837 et
2466 1786 2534 1837 26
2561 1803 2574 1849 ;
2610 1789 2701 1855 qui
2747 1789 2812 1842 de
2842 1790 3120 1845 miraculis
3152 1796 3217 1847 ad
3272 1792 3475 1848 fontem

225 1887 353 1949 istc,
378 1885 504 1936 dum
544 1898 642 1935 nos
678 1882 835 1935 docet
862 1880 991 1949 quid
1050 1880 1122 1933 sit
1176 1881 1524 1949 μαργέλΜον,
1556 1879 1648 1933 sed
1703 1892 1798 1948 per
1829 1916 1876 1975 Β
1904 1871 2063 1927 editis
2096 1876 2367 1943 integrum
2411 1892 2469 1931 se
2504 1884 2957 1936 commentarium
2995 1885 3284 1953 Scripsisse
3324 1889 3476 1941 dicit.

224 1976 606 2043 negationem:
647 1974 723 2026 ait
768 1973 912 2027 enim
970 1972 1353 2038 imperatorem
1392 1970 1585 2023 eitrina
1638 1972 1799 2024 vesti-

226 2078 409 2121 menta
440 2080 739 2128 assumere,
770 2065 857 2117 sed
887 2064 996 2116 sine
1013 2064 1181 2115 limbis
1206 2071 1254 2116 et
1281 2064 1520 2129 pretiosis
1573 2074 1802 2132 prterea:-

226 2159 365 2211 turis
397 2172 415 2209 :
457 2156 551 2208 hoc
615 2154 945 2223 margellium
973 2154 1263 2222 tigni/ient,
1318 2169 1421 2207 non
1450 2155 1797 2225 margaritas.

226 2250 423 2311 Audis,
456 2247 605 2310 Juni,
642 2246 772 2315 quid
800 2258 849 2300 te
878 2246 1007 2299 olim
1043 2247 1278 2300 Geuevae
1332 2246 1566 2299 incolam
1601 2247 1792 2300 doceat

222 2339 477 2408 ejusdem
518 2336 719 2391 schola:
751 2336 1024 2406 quondam
1054 2345 1106 2389 et
1143 2334 1295 2389 urbis
1327 2336 1569 2389 insessor
1599 2335 1801 2387 Casau-

226 2428 450 2485 bonus?
478 2426 632 2482 Mitte
664 2441 793 2496 ergo
831 2426 1051 2479 tandem
1084 2433 1205 2480 tuas
1233 2426 1575 2494 margaritas.
1602 2422 1801 2477 Vocavi

226 2537 437 2584 operam
473 2535 646 2573 teram
674 2527 921 2586 respectu
962 2520 1153 2582 nostri,
1186 2519 1313 2587 quia
1351 2518 1461 2586 jam
1500 2517 1703 2585 pridem
1734 2531 1798 2569 ex

230 2613 555 2668 Balsamone
592 2622 643 2666 et
673 2612 795 2666 aliis
826 2611 1121 2666 didicimus
1169 2612 1298 2682 quid
1344 2612 1455 2665 sint
1505 2609 1795 2679 margeliio.

224 2706 429 2761 Guers.

305 2822 364 2876 Ρ.
405 2820 523 2875 106.
560 2820 1067 2886 Ιΐεσσαράχοντα.
1094 2819 1479 2874 Defunctornut
1503 2818 1801 2874 recolenda-

223 2915 509 2967 memoriae
539 2913 681 2966 sacri
716 2922 844 2967 sunt
894 2912 1009 2966 dies
1052 2914 1264 2973 tertius,
1325 2926 1520 2973 mmos,
1560 2911 1800 2974 quadra-

224 3006 488 3075 gesimus.
519 3012 574 3056 ct
605 3018 821 3057 annuus
849 3018 876 3057 a
913 3012 1107 3058 morte.
1140 3003 1264 3064 Τοῖς
1287 3000 1577 3054 τεθνεῶσιν
1603 3001 1803 3053 ἀποτε-

226 3099 423 3157 λεῖται,
476 3096 652 3163 inquit
698 3094 1028 3163 Nieephorus
1074 3094 1352 3157 Callistus,
1405 3095 1474 3147 τὰ
1519 3096 1697 3163 τρίτα,
1735 3093 1803 3146 τὰ

226 3189 426 3241 ἔννατα
472 3189 563 3239 καὶ
588 3189 653 3239 τὰ
679 3188 1116 3256 τεσσαρακοστὼ
1152 3188 1408 3242 [taliones
1435 3187 1617 3242 subdit
1642 3202 1653 3236 :
1688 3195 1799 3239 ter-

226 3283 305 3333 tio
341 3280 428 3333 die
480 3280 658 3339 faciei.
707 3295 810 3346 qua
865 3279 1202 3348 dignoscitur
1259 3281 1441 3343 homo,
1503 3281 1798 3335 discrimen

226 3370 587 3439 tlepv'rtlilttt‘;
653 3385 796 3424 nono
853 3386 1049 3439 corpus
1110 3372 1384 3435 tabescit,
1445 3374 1562 3426 solo
1638 3370 1803 3425 corde

227 3462 412 3515 adhuc
440 3463 754 3529 incorrupto
794 3472 1045 3515 manente
1072 3482 1085 3525 ;
1112 3465 1530 3532 quadragesimo
1581 3464 1798 3518 tandem

228 3554 395 3605 etiam
440 3567 531 3605 cor
564 3568 685 3605 cum
720 3553 926 3621 reliqua
958 3555 1202 3622 corporis
1245 3555 1386 3607 mole
1429 3554 1553 3605 tabo
1609 3567 1801 3607 corru-

226 3646 516 3715 ptionique
568 3660 633 3697 ex
661 3645 877 3712 integro
934 3646 1095 3699 cedit.
1153 3645 1340 3712 Aptius
1391 3646 1481 3699 alii
1516 3646 1583 3698 τὰ
1643 3645 1799 3712 τρίτα.

228 3740 370 3807 apud
405 3736 623 3791 Graecos
650 3739 1104 3791 resurrectionem
1161 3738 1364 3792 Christi
1416 3748 1535 3806 post
1593 3740 1797 3792 tridua-

227 3844 353 3882 uam
389 3830 742 3897 sepulturam,
771 3831 836 3882 τὰ
867 3830 1062 3883 ῑννατα
1091 3847 1280 3885 novem
1317 3832 1633 3897 angelorum
1666 3831 1797 3884 clm-

224 3934 337 3983 ros,
377 3919 575 3986 quibus
608 3932 852 3975 mortuos
888 3923 1169 3991 aggregari
1226 3932 1537 3988 precantur,
1565 3922 1633 3973 τὰ
1668 3938 1791 3973 τεσ-

220 4010 542 4079 σιρακοστά
606 4010 810 4065 luctum
875 4011 1153 4065 lsraelitici
1227 4013 1409 4082 populi
1478 4014 1531 4065 in
1600 4012 1797 4079 Moysis

224 4112 398 4154 mone
432 4101 495 4154 ad
547 4103 1023 4169 quadragesimum
1059 4119 1232 4173 usque
1263 4106 1403 4157 diem
1447 4106 1791 4171 productum,

222 4209 331 4261 quo
362 4192 633 4247 defunctis
668 4194 937 4264 lacrymas
968 4208 1261 4263 precesque
1324 4205 1611 4263 parentare
1666 4208 1794 4260 pos—

221 4299 438 4344 sumus.
475 4283 742 4337 aﬂlrmant
773 4285 1085 4354 designare.
1128 4284 1299 4350 Hujus
1329 4290 1524 4340 mentis
1554 4295 1637 4337 est
1662 4283 1797 4337 Noo-

217 4378 424 4444 phytus
458 4373 663 4429 Rodios
693 4377 743 4427 in
783 4390 879 4428 sua
927 4376 1156 4446 Syuopsi
1216 4379 1498 4431 vernacula
1546 4378 1795 4431 Clemen-

223 4477 330 4519 tem
384 4466 443 4518 iu
500 4464 729 4519 Coustit.
792 4467 981 4534 Apost.
1051 4469 1084 4520 l.
1143 4483 1254 4531 vut,
1294 4483 1341 4522 c.
1403 4467 1488 4531 49,
1549 4477 1789 4521 secutus.

216 4559 392 4613 Cons.

294 4675 355 4728 Ρ.
390 4673 507 4727 107.
571 4671 689 4726 Τῶν
704 4672 1145 4738 νενομισμένων
1174 4670 1463 4723 ἐννάὃων.
1493 4670 1564 4724 De
1591 4673 1790 4740 quibus

216 4766 507 4833 superiore
532 4774 682 4817 uota.
715 4764 915 4816 Sacros
938 4766 988 4815 in
1027 4764 1175 4815 feriis
1207 4766 1429 4829 agendis
1458 4779 1646 4816 novem
1676 4765 1790 4818 dies

214 4855 387 4910 reteri
430 4854 717 4918 Blastarcs,
747 4854 839 4905 τοῦ
871 4856 904 4904 Δ
937 4855 1201 4923 στοιχείου
1240 4870 1289 4907 e.
1322 4854 1373 4913 8.
1405 4855 1541 4907 adeo
1575 4864 1634 4906 ut
1668 4856 1790 4908 Ale-

220 4949 347 5000 xius
387 4948 681 5013 imperator
709 4945 852 4997 edita
884 4942 1096 4997 Novella
1124 4945 1369 4998 sanxerit
1395 4946 1595 4997 nemini
1626 4944 1789 4998 licere

214 5037 492 5089 demortui
549 5046 801 5104 parentes
842 5037 924 5088 vel
980 5052 1201 5088 uxorem
1270 5038 1348 5089 vel
1403 5038 1667 5096 barredes.
1703 5036 1787 5089 vel

217 5128 570 5194 iidejussores
597 5139 719 5181 ante
751 5144 942 5181 novem
992 5131 1199 5181 dierum
1237 5131 1402 5183 luuui
1434 5131 1785 5185 dirandorum

219 5218 551 5285 pradiuitum
589 5229 805 5286 tempus
834 5233 1120 5283 accusare,
1154 5235 1373 5272 causam
1409 5222 1460 5272 iu
1491 5236 1583 5273 eos
1613 5223 1790 5275 inten-

215 5320 337 5361 tare
374 5307 458 5361 vel
487 5310 538 5359 io
574 5307 843 5375 judicium
901 5309 1113 5362 trahere
1162 5327 1174 5362 :
1204 5309 1547 5377 Θεσπίζομεν
1596 5311 1786 5381 μηδενὶ

215 5401 421 5463 ἐξεῖναι
446 5398 537 5449 τοῦ
558 5398 981 5465 τελευτήσαντος
1011 5400 1136 5461 τοὺς
1160 5402 1334 5465 γονεῖς
1357 5400 1389 5468 ἦ
1423 5402 1523 5470 τὴν
1551 5406 1785 5463 γυναῖκα.

216 5493 250 5560 ἦ
296 5491 425 5551 τοὺς
479 5489 846 5558 κληρονόμους
877 5491 909 5558 ἢ
942 5491 1064 5549 τοὺς
1099 5491 1380 5556 ἐγγυητὰς
1420 5492 1526 5560 πρὸ
1556 5495 1652 5558 τῆς
1678 5495 1785 5547 τῶν

216 5581 378 5631 ιννέα
420 5578 643 5647 ἡμερῶν
684 5581 1023 5647 προθεσμίας
1054 5580 1146 5631 τοῦ
1182 5580 1408 5641 πένθους
1445 5582 1721 5635 αἰτιᾶσθαι
1751 5582 1783 5651 ἢ

220 5672 579 5741 παρενοχλεῖν
610 5671 643 5739 ἢ
685 5674 762 5733 εἰς
784 5672 1130 5741 δικαστήριον
1153 5673 1349 5725 ἕλκειν.
1378 5673 1574 5744 timur]

290 5782 433 5837 Ibid.
470 5784 758 5845 Caeterum,
809 5786 948 5851 quod
979 5784 1221 5838 Codiuus
1255 5788 1319 5837 ad
1353 5789 1550 5838 calcem
1586 5789 1779 5855 capitis

214 5874 426 5937 scribit,
460 5871 608 5926 nelas
630 5887 751 5927 esse
783 5884 837 5926 ut
870 5874 991 5941 quis
1027 5886 1203 5927 vestes
1242 5875 1423 5945 nigras
1462 5876 1512 5929 in
1574 5881 1778 5945 palatio

534 5969 800 6026 Parnm.
842 5968 955 6027 Gn.
1005 5969 1230 6027 CLVII.

1904 1962 2091 2018 Exstat
2148 1965 2368 2021 Viennae
2431 1971 2481 2022 in
2547 1971 2794 2026 Caesarea
2844 1974 3166 2031 bibliotheca
3223 1980 3476 2035 fortassis

1902 2054 2125 2108 unicum
2156 2058 2321 2110 totius
2353 2057 2583 2129 Europa:
2614 2064 2926 2132 exemplar;
2964 2068 3049 2120 cui
3085 2068 3186 2121 nisi
3218 2071 3326 2123 cito
3355 2088 3481 2125 sur.-

1903 2157 2157 2199 curratur
2188 2147 2318 2218 (vidi
2341 2149 2483 2202 enim
2519 2159 2573 2204 et
2599 2155 2841 2220 percurri
2868 2158 3087 2211 allatum
3134 2159 3474 2216 Monachiuni

1859 2273 1865 2279 ρ
1903 2247 1956 2291 et
1990 2239 2095 2293 huc
2126 2240 2563 2308 lugolstatlium),
2617 2247 2833 2312 penitus
2865 2263 2891 2299 τι
2956 2251 3138 2306 blattis
3205 2254 3473 2324 tiueisqu-e

1904 2331 2261 2395 corrodetur;
2295 2343 2346 2387 ct
2370 2334 2481 2402 jam
2514 2352 2656 2391 nunc
2687 2338 3048 2408 aliquotlocis
3076 2346 3143 2399 ab
3167 2347 3319 2409 almis
3353 2365 3476 2418 pes.-

1902 2421 2044 2477 sime
2092 2435 2373 2491 acceptum
2429 2439 2534 2490 εει,
2572 2432 2643 2484 ita
2698 2441 2756 2485 ut
2811 2437 2976 2490 multa
3014 2438 3113 2509 legi
3182 2455 3475 2512 nequeant.

1905 2516 2204 2582 prazscrtim
2245 2520 2347 2571 sub
2386 2518 2565 2574 linem.

1976 2628 2052 2681 Ad
2108 2628 2209 2683 hoc
2250 2634 2502 2699 templum
2532 2636 2751 2691 divortii
2785 2656 3005 2709 quoque
3045 2643 3242 2699 Heli-ua
3278 2650 3474 2702 (lauta-

1906 2720 2092 2772 t-uzeui
2127 2721 2253 2784 (ilia,
2283 2735 2514 2791 nuptura
2551 2726 2741 2783 Joauni
2777 2730 3097 2804 Palaeoiogo.
3134 2737 3263 2793 Rem
3292 2754 3473 2795 uariat

1905 2810 2019 2876 ipxe
2058 2812 2488 2880 Cantacuzenus,
2522 2836 2592 2884 tv,
2632 2823 2679 2875 t.
2712 2822 2919 2880 Gaz-rs.

1979 2924 2118 2979 Ibid.
2156 2926 2346 2997 [Urbis
2380 2932 2463 2984 Cl’
2488 2936 2626 2989 situs
2660 2938 3005 3005 triangular-Is
3062 2958 3143 2999 est
3173 2965 3187 3010 ;
3248 2948 3477 3015 ejusque.

1907 3016 2074 3068 latera
2108 3019 2216 3071 duo
2256 3020 2536 3076 alluuutur
2592 3033 2751 3090 mari,
2788 3034 3004 3086 tertium
3038 3041 3340 3093 continenti
3375 3045 3475 3091 (ιιι-

1900 3107 2165 3163 tenditur.
2215 3111 2295 3165 Ad
2327 3128 2445 3167 eam
2498 3117 2678 3187 itaque
2732 3123 3027 3182 adveniens
3061 3128 3252 3185 itinere
3304 3143 3474 3188 terre-

1824 3245 1871 3308 Ο
1906 3198 2004 3250 stri
2041 3198 2353 3267 itnpcratrix
2391 3208 2455 3259 ad
2497 3206 2686 3276 Pegeiu
2722 3216 3007 3269 ecclesiam
3063 3221 3471 3277 Celeberrimam

1906 3298 1960 3343 et
1985 3292 2191 3361 regium
2228 3295 2388 3350 simul
2423 3301 2713 3367 palatium.
2757 3318 2861 3370 qua
2897 3310 3263 3367 cnntinentem
3301 3320 3474 3383 respi-

1911 3384 1986 3437 cit
2021 3386 2173 3447 urbs,
2216 3389 2399 3443 desilit
2428 3410 2441 3453 ;
2478 3395 2559 3446 sin
2592 3398 2723 3448 mari
2756 3400 3011 3466 appellat.
3050 3404 3192 3459 circa
3225 3407 3475 3463 itlacln-r-

1907 3488 2004 3529 uas
2034 3476 2151 3530 loco
2181 3493 2369 3546 portus
2398 3487 2864 3549 Commodissimo.
2902 3494 2989 3546 ubi
3040 3497 3182 3549 aliud
3215 3498 3471 3554 Blacln-r-

1906 3582 2075 3619 neuse
2129 3569 2332 3625 dictum
2391 3575 2668 3641 palatium,
2709 3591 2908 3635 terram
2946 3586 3163 3642 salutat.
3218 3590 3471 3646 [iet-lesie.

1904 3671 2064 3722 porro
2097 3658 2283 3727 Πηγῆς
2317 3678 2509 3717 ιιοηιυη
2532 3677 2613 3720 cst
2642 3684 2668 3720 τι
2701 3672 2843 3737 fonte
2869 3689 2973 3725 non
3002 3678 3181 3730 minus
3209 3683 3469 3736 continuo

1903 3746 2291 3803 miraculorum
2328 3754 2591 3820 proﬂuvio
2619 3775 2779 3828 quam
2810 3769 3140 3830 perennibus
3185 3774 3343 3839 aquis
3371 3790 3432 3827 cx
3454 3804 3467 3814 -

1904 3836 2187 3895 uberanle.
2233 3842 2309 3896 Ad
2344 3847 2610 3902 salutares
2638 3852 2758 3919 ejus
2785 3868 2955 3923 aquas
3008 3859 3051 3912 si
3105 3877 3133 3913 a
3173 3836 3467 3925 Marciano.

1904 3934 1992 4017 qui
2021 3937 2365 3998 postmodum
2406 3936 2709 3995 Romanum
2756 3945 3042 4012 imperium
3078 3952 3334 4017 obtinuit,
3379 3959 3469 4007 de-

1904 4016 2157 4086 ferretur,
2218 4024 2401 4080 lumen
2441 4032 2725 4086 oculorum
2785 4053 3235 4101 recuperaturum
3292 4063 3468 4100 εει-(διες

1900 4127 1993 4176 per
2020 4114 2257 4168 divinam
2292 4120 2555 4173 visionem
2588 4134 2669 4175 est
2730 4130 2991 4183 monitus.
3048 4132 3194 4188 Tulit
3233 4139 3313 4197 si;
3367 4142 3466 4204 τὴν

1903 4203 2091 4271 Πηγήν
2125 4205 2433 4261 Marcianus
2467 4227 2692 4279 caecum,
2740 4231 2917 4272 'czerus
2977 4222 3151 4275 visum
3208 4241 3269 4278 ex
3313 4203 3468 4295 aquis

1900 4296 2107 4351 retulit.
2167 4296 2313 4364 lude,
2348 4301 2425 4354 ait
2455 4302 2712 4358 Menmum
2771 4308 3110 4378 Graecorum,
3176 4319 3467 4373 miraCulo—

1898 4402 2016 4441 rum
2053 4390 2150 4457 τῆς
2196 4392 2383 4461 Πηγῆς
2438 4397 2597 4464 origo
2635 4407 2688 4451 et
2745 4403 3157 4459 celeberrimum
3198 4412 3315 4463 loro
3373 4429 3469 4463 ιιι»-

1897 4496 2018 4534 men
2059 4486 2294 4537 factum:
2346 4488 2433 4537 'Ev
2464 4490 2542 4556 τῷ
2565 4492 2778 4555 τεμένει
2822 4497 2852 4564 ή
2889 4497 3041 4566 Πηγή
3104 4502 3248 4552 ἐστιν
3296 4505 3464 4571 ἀφθό-

1823 4564 1865 4618 D
1898 4590 2003 4624 νων
2034 4576 2300 4641 ἰαμάτων,
2339 4580 2388 4630 in
2424 4583 2621 4647 templo
2657 4586 2774 4651 ipso
2808 4604 2911 4641 nun
2942 4590 3077 4642 adeo
3122 4592 3244 4644 fuitis
3298 4611 3458 4661 quam

1900 4665 2286 4721 miraculorum
2351 4671 2582 4724 ubertim
2634 4675 3036 4733 ilecurreutitnu
3093 4684 3231 4737 Iath
3289 4674 3484 4739 emet:

1892 4757 1987 4822 git,
2022 4757 2097 4809 ait
2125 4758 2562 4815 Cautacuzenus.
2602 4763 2948 4823 Justiuiauus
2998 4771 3133 4825 l'onli
3198 4780 3456 4845 templum

1891 4858 2305 4913 superstruxit:
2342 4851 2451 4918 Τὴν
2505 4850 2755 4909 θεοτόκσν
2819 4859 3006 4929 Πηγὴν
3081 4864 3458 4929 Ἰουστινιανῖις

1892 4934 2097 5003 ἔκτισε,
2132 4939 2377 4995 scribunt
2409 4943 2656 5014 Origines
2702 4950 2807 5002 (2P.
2835 4966 2853 5017 ;
2882 4962 3060 5007 exstat
3088 4958 3269 5012 adhuc
3308 4961 3457 5015 locos

1891 5027 2214 5085 Chrisdauis
2252 5031 2551 5102 Turcisque
2579 5043 2939 5104 venerandus.
2990 5046 3241 5113 quodque
3270 5065 3458 5119 super-

1890 5128 1973 5173 est
2023 5126 2280 5191 templum
2354 5128 2497 5180 nulla
2564 5132 2717 5184 ruina
2780 5132 3063 5195 [ωιιςιιιιιιι.
3128 5140 3456 5208 antiquitati:

1889 5230 1997 5267 nou
2037 5218 2248 5270 modice
2279 5221 2670 5284 venerandum,
2698 5226 2767 5275 oh
2819 5227 3053 5289 pretium
3084 5243 3246 5283 omne
3288 5250 3452 5297 supe-

1889 5319 2071 5360 rantes
2111 5323 2301 5375 aquas,
2337 5324 2365 5361 a
2392 5311 2544 5377 plebe
2570 5314 2964 5386 Χρυσοπηγῆς,
2996 5326 3143 5375 aurci
3169 5323 3330 5389 [aulis
3356 5342 3402 5378 at
3423 5352 3452 5366 -

1884 5399 2027 5465 cepit
2058 5401 2497 5466 appellationem.
2522 5402 2719 5476 Cum]

1958 5509 2018 5563 P.
2055 5513 2172 5564 107.
2206 5512 2277 5566 De
2308 5517 2505 5583 templo
2537 5518 2957 5577 Blachernarum
3002 5541 3102 5581 suo
3152 5530 3268 5581 loco
3305 5534 3448 5586 dixi-

1888 5617 2021 5656 mus.
2052 5603 2179 5657 Erat
2202 5616 2255 5657 et
2289 5605 2462 5673 ipsum
2493 5619 2645 5663 extra
2682 5615 2865 5667 urbem
2893 5617 2958 5670 ad
2984 5618 3133 5672 littus
3167 5624 3351 5683 litariS,
3382 5628 3447 5677 de.

1884 5708 1993 5759 quo
2025 5695 2193 5745 uutlta
2228 5694 2559 5763 Nicephorius
2588 5700 2704 5754 loco
2737 5707 2925 5761 citato.
2986 5708 3259 5778 Principio
3310 5723 3448 5767 teni-

1888 5784 1968 5851 pla
2022 5786 2366 5837 solummodo
2404 5800 2601 5854 erant;
2668 5808 2924 5849 successu
2961 5802 3221 5869 temporis
3263 5819 3446 5857 acres-

1885 5883 2071 5928 serunt
2105 5875 2537 5943 splemlidissiuia
2602 5884 2821 5949 palatia.
2878 5887 3161 5951 Quomodo
3221 5908 3440 5963 excepta

3016 5986 3089 6045 Η
