4224 6450
292 367 397 431 433
1332 368 1428 428 DE
1463 365 1960 425 ORIGINIBUSl

1832 366 1924 424 US
1956 363 2427 426 CPOLJTANIS.
3393 359 3495 424 436

292 484 384 563 Ad
452 482 583 563 haec
641 496 772 563 quo
830 481 1085 545 facilius
1130 481 1698 559 mihiignosceres.
1757 480 1960 563 sicubi
2022 482 2116 539 vel
2165 480 2247 563 in
2310 476 2602 563 versione
2660 477 2748 534 vi-l
2804 477 2864 563 in
2914 472 3497 563 animadversionif

292 562 407 617 bus
451 550 821 621 humanitus
862 563 1073 637 lapsus
1117 550 1356 633 essem:
1382 576 1601 637 omnes
1660 558 2340 637 omninooccasiones
2389 555 2548 637 fugi,
2578 570 2716 628 qua)
2759 556 2982 614 oblatae
3032 551 3208 637 mihi
3240 550 3504 637 fuerunt

286 640 358 718 ad
404 629 961 718 contradicendutit
999 638 1081 718 iis
1108 639 1213 715 qui
1245 629 1389 718 ante
1422 654 1519 697 me
1546 635 1796 718 aliquid
1811 633 2027 718 Cadini
2059 632 2506 718 edideruntvel
2532 648 2717 691 secus
2750 649 2937 718 quam
2968 629 3296 718 oportebat
3324 629 3508 718 int-el-

291 715 587 775 lexernnt
620 732 634 787 ;
668 725 729 776 et
760 715 1074 792 siquando
1091 706 1460 777 necessitate
1486 706 1738 792 coactus
1765 713 2094 772 i'uieorum
2122 727 2370 792 errores
2400 711 2717 792 detegere,
2758 717 2986 769 tantam
3015 706 3090 768 ea
3140 708 3201 767 in
3234 724 3297 767 re
3318 706 3502 792 adhi-

288 792 400 872 bui
430 785 925 872 moderationem
959 801 1024 855 ut
1050 803 1263 855 contra
1294 809 1453 871 quos
1476 791 1743 872 scribam
1784 793 2123 851 obscurum
2156 789 2259 872 sit,
2289 785 2692 849 manifestum
2730 803 2903 872 vero.
2943 803 3041 845 me
3077 801 3201 845 non
3244 802 3321 872 eo
3382 785 3501 845 hoc

286 869 513 932 fecisse
542 881 611 932 ut
646 888 723 931 ex
753 870 978 932 alienis
1011 862 1333 933 erroribus
1366 870 1631 945 gloriam
1669 885 2045 947 quaererem,
2085 869 2192 947 sed
2229 876 2295 929 ut
2331 883 2744 944 praecaverent
2774 865 3080 947 duntaxat
3104 878 3180 947 ne
3212 862 3354 921 aliis
3380 879 3498 921 ne-

286 948 919 1029 cessariiquidquam
951 948 1303 1029 ignorantia
1322 942 1710 1029 praeteriisse
1740 947 2008 1029 viderer.
2030 942 2375 1029 MIHI-ltuit]
2412 959 2562 1029 ergo
2591 952 2682 1029 est
2715 952 2783 1029 ιιι
2814 943 3002 1003 hosce
3047 942 3499 1029 laboresm‘eos

288 1019 921 1102 benevole'exci'pias,
947 1019 1010 1086 εἴ
1044 1026 1097 1084 si
1124 1041 1247 1102 qua
1282 1019 1345 1084 in
1378 1024 1455 1084 iis
1491 1024 1929 1102 deprehendes
1958 1040 2101 1102 quae
2146 1022 2358 1102 minus
2426 1019 2541 1102 tibi
2595 1021 2949 1102 placebunt.
3007 1019 3498 1102 aliquantulum

290 1097 951 1189 indulgeasjuventuti
989 1097 1465 1189 meas'etuimiaa
1500 1097 1644 1178 erga
1683 1110 1738 1161 te
1768 1097 2075 1189 voluntati
2106 1097 3178 1189 etgravioribus‘oceupotionibus,-
3201 1113 3312 1181 per
3338 1111 3503 1189 quas

288 1173 683 1239 exactissime
716 1180 927 1241 omnia
962 1180 1253 1255 persequi
1291 1188 1349 1240 et
1375 1173 1700 1240 recensere
1732 1196 1857 1239 non
1890 1175 2092 1256 potui.
2122 1173 2220 1237 Sic
2243 1182 2303 1239 et
2326 1181 2653 1255 gratumte
2681 1173 3021 1252 prabebis,
3046 1182 3104 1235 et
3125 1173 3501 1235 alacriorent

291 1269 391 1313 me
417 1256 638 1315 reddes
662 1258 735 1316 ad
767 1258 1106 1331 prmslanda
1132 1258 1388 1335 majora.
1413 1257 1579 1318 Vale.
2450 1264 2453 1265 ⁷

368 1379 582 1439 Romae
615 1381 787 1452 1659,
820 1379 1099 1441 colendis
1147 1380 1355 1441 Maiis.

1550 1773 2215 1888 LAMBECII

650 2015 796 2103 DE
882 2013 1379 2109 GEORGII
1471 2014 1887 2107 CODINI
1999 2018 2280 2109 VITA
2373 2022 2520 2109 ET
2607 2016 3135 2110 SCRIPTIS

1360 2212 1700 2276 BREVIS
1761 2212 2409 2278 DISSERTATIO.

357 2527 646 2598 Georgium
666 2526 930 2583 Codinum
966 2542 1073 2583 non
1091 2530 1192 2585 sub
1221 2530 1427 2585 ultimis
1450 2538 1661 2583 tantum
1694 2526 2119 2596 imperatoribus
2158 2527 2460 2594 Cpolitauis
2484 2528 2705 2591 vixisse,
2739 2525 2832 2580 sed
2866 2523 3183 2593 aliquandiu
3222 2528 3387 2582 etiam
3410 2542 3504 2581 su-

286 2617 554 2687 perfuisse
585 2627 705 2685 post
733 2618 904 2683 ipsam
966 2616 1198 2683 Cpoleos
1260 2616 1740 2685 expugnationem,
1774 2629 1838 2667 ex
1900 2614 2074 2683 ipsius
2117 2612 2339 2682 scriptis
2410 2614 2615 2680 liquido
2672 2621 2914 2682 apparet.
2976 2613 3314 2682 Cur0palata:
3370 2628 3507 2670 vero

286 2717 613 2769 cognomen,
646 2704 792 2772 quod
824 2702 872 2756 ei
897 2703 965 2756 ab
997 2703 1107 2757 illis
1129 2702 1384 2758 tribuit-ur
1409 2701 1502 2771 qui
1526 2702 1722 2755 librum
1757 2700 1876 2770 eius
1909 2702 1976 2755 de
2004 2699 2205 2757 Officiis
2239 2702 2425 2771 palatii
2461 2701 2545 2756 ΟΡ
2572 2701 2878 2766 ediderunt,
2920 2700 2975 2754 in
3036 2701 3146 2756 illis
3203 2716 3345 2771 quos
3405 2718 3507 2771 ego

284 2790 395 2844 vidi
421 2789 699 2844 codicibus
762 2804 923 2844 manu
964 2789 1185 2858 scriptis
1240 2804 1347 2844 non
1386 2788 1680 2857 reperi;et
1704 2788 1917 2843 facilius
1974 2791 2143 2844 multo
2190 2792 2407 2845 credam
2462 2790 2774 2859 impositum
2838 2789 2887 2843 ei
2948 2788 3118 2845 fuisse
3162 2791 3510 2858 Curopalata:

282 2892 607 2946 cognomen,
648 2877 772 2947 quia
808 2878 876 2931 de
903 2876 1106 2931 Oﬂiciis
1137 2878 1320 2946 palatii
1357 2876 1598 2944 scripsit,
1633 2892 1797 2945 quam
1824 2877 1966 2944 quod
1996 2876 2112 2945 ipse
2142 2876 2476 2945 curopalatae
2528 2877 2843 2945 dignitatem
2875 2876 3192 2932 obtinuerit.
3240 2877 3505 2932 Ceterum

280 2964 424 3030 quod
458 2965 522 3020 ad
549 2964 744 3032 scripta
767 2964 882 3030 eius
904 2962 1117 3029 attinet,
1142 2979 1247 3016 non
1287 2972 1573 3034 propterea
1597 2964 1861 3019 duntaxat
1884 2979 2027 3017 vano
2055 2963 2290 3033 quodam
2317 2964 2632 3032 praeiudicio
2664 2963 3019 3032 improbanda
3058 2974 3206 3027 sunt,
3246 2964 3504 3033 quoniam

277 3050 528 3106 Codinus
560 3051 808 3105 ducentis
844 3060 1049 3104 tantum
1083 3051 1282 3105 abhinc
1312 3053 1471 3106 annis
1512 3051 1732 3114 ﬂoruit;
1789 3052 1991 3120 quippe
2035 3054 2150 3121 qui,
2206 3067 2551 3119 quaecunque
2607 3052 2797 3114 edidit.
2860 3068 2925 3108 ex
2986 3053 3394 3121 antiquioribus
3449 3061 3506 3106 et

281 3139 470 3207 magis
504 3139 748 3208 probatis
771 3139 1087 3193 auctoribus
1110 3139 1383 3208 excerpsit
1420 3147 1475 3193 ct
1502 3138 1741 3207 collegit.
1765 3136 1897 3190 Nam
1926 3138 2070 3207 quod
2101 3139 2333 3206 primum
2369 3139 2509 3192 inter
2562 3138 2822 3207 opuscula
2888 3140 3005 3209 ejus
3066 3140 3243 3194 locum
3291 3139 3507 3195 obtinet

274 3235 336 3279 et
360 3225 678 3279 inscribitur
718 3225 979 3296 περὶτῶν
1009 3224 1253 3293 πατρίων
1282 3225 1399 3281 sive
1432 3226 1500 3280 de
1531 3225 1837 3295 originibus
1875 3223 1984 3290 CP,
2040 3225 2159 3295 ejus
2206 3227 2382 3294 major
2434 3241 2561 3294 pars
2607 3227 2936 3281 verbotenus
2992 3226 3263 3296 descripta
3323 3238 3404 3281 est
3441 3243 3506 3282 ex

279 3315 550 3385 Hesychia
580 3315 819 3379 Milesio,
858 3315 1067 3382 reliqua
1096 3330 1227 3371 vero
1245 3331 1309 3370 ex
1342 3315 1519 3387 Glyca
1544 3316 1868 3380 Annalibus,
1903 3313 2177 3371 Chronico
2202 3314 2564 3367 Alexandrino
2593 3314 2776 3367 etalio
2807 3313 3039 3383 quodam
3095 3314 3355 3370 hactenus
3397 3331 3505 3368 non

274 3403 444 3469 edito,
475 3402 630 3470 cujus
655 3412 847 3457 auctor
874 3410 957 3456 est
990 3402 1214 3470 quidam
1248 3402 1427 3458 Julius
1459 3402 1679 3464 Pollux,
1710 3403 1936 3471 antiquo
1970 3401 2083 3463 illo,
2113 3402 2205 3470 qui
2232 3401 2531 3456 Commodo
2564 3401 2879 3469 imperatori
2906 3400 3318 3457 Onomasticum
3343 3418 3505 3457 suum

274 3489 567 3551 dedicavit,
599 3489 803 3557 aliquot
836 3489 1036 3543 seculis
1069 3491 1361 3543 recentior.
1396 3487 1543 3542 Libri
1579 3503 1709 3543 vero
1737 3488 1803 3543 de
1827 3490 2021 3544 statuis
2050 3489 2221 3558 prima
2252 3502 2377 3555 pars
2402 3487 2467 3541 de
2498 3487 2809 3540 simulacris
2836 3488 3059 3542 deorum
3099 3489 3381 3557 gentilium
3439 3505 3504 3543 ex

277 3575 567 3628 Phurnuto
599 3576 881 3643 desumpta
914 3585 997 3631 est
1018 3583 1073 3630 et
1097 3591 1161 3629 ex
1197 3575 1424 3631 Joannis
1486 3575 1617 3647 Lydi
1666 3575 2151 3646 Philadelphiensis
2182 3575 2320 3628 libro
2386 3574 2629 3627 nondum
2689 3574 2835 3628 edito
2865 3574 2930 3628 de
2970 3573 3245 3630 Mensiltus
3270 3576 3332 3645 ‘),
3365 3578 3506 3630 unde

273 3662 441 3715 etiam
474 3661 671 3715 Suidas
700 3662 879 3717 hausit
907 3664 1117 3719 eadem.
1154 3664 1332 3718 Altera
1366 3672 1545 3717 autem
1586 3678 1730 3732 pars,
1762 3677 1883 3733 qua:
1917 3672 1941 3716 t1

1839 3677 1883 3717 ω
1917 3670 2108 3716 tractat
2138 3661 2264 3729 περὶ
2303 3658 2512 3729 στηλῶν
2540 3661 2633 3711 καὶ
2658 3659 2968 3728 θεαμάτων,
2998 3660 3144 3728 quod
3181 3670 3287 3727 est,
3324 3672 3382 3715 ut
3404 3677 3504 3730 ego

276 3748 625 3817 interpretor,
647 3748 711 3801 de
741 3751 938 3803 statuis
979 3750 1206 3819 aliisque
1240 3750 1403 3805 rebus
1436 3759 1681 3818 spectatu
1708 3749 1884 3819 dignis
1913 3745 2089 3816 Cpoli.
2126 3759 2189 3798 ea
2217 3754 2327 3798 tota
2363 3743 2688 3799 verbotenus
2717 3745 2985 3815 descripta
3043 3756 3126 3800 est
3169 3762 3233 3801 ex
3291 3749 3501 3817 antiqui

274 3833 530 3903 anonynti
563 3834 799 3888 auctoris
826 3834 1176 3891 collectaneis
1208 3836 1594 3904 antiquitatum
1626 3834 1882 3905 Cpoleos,
1912 3852 1942 3905 q

1838 3853 1882 3902 Β,
1912 3832 2329 3905 qurcinscripsit
2386 3833 2752 3902 παραστάσεις
2808 3836 3109 3902 συντόμους
3137 3838 3416 3905 χρονικὰς.
3452 3849 3506 3892 ct

272 3919 591 3988 compilavit
614 3934 679 3972 ex
714 3919 1004 3977 Theodoro
1038 3923 1470 3991 lectore,Papia.
1505 3922 1767 3985 Eusebio,
1818 3923 2062 3985 Socrate,
2091 3919 2344 3975 Marcello
2385 3921 2587 3975 lectore
2636 3930 2691 3976 et
2742 3923 3114 3991 compluribus
3167 3924 3311 3979 aliis.
3380 3924 3503 3981 Ilmc

274 4019 410 4057 vero
430 4005 765 4059 collectanea
800 4022 943 4061 nunc
970 4010 1205 4077 primum
1233 4024 1299 4063 ex
1328 4010 1712 4077 antiquissimo
1742 4010 1930 4064 codice
1975 4006 2313 4061 bibliotheca:
2366 4005 2545 4072 Regia:
2574 4007 2625 4058 in
2675 4007 2851 4059 lucem
2918 4009 3210 4076 prodeunt,
3278 4012 3393 4078 qui,
3449 4024 3507 4063 ut

273 4105 486 4158 omnes,
521 4099 793 4158 quotquot
822 4108 945 4147 eum
978 4094 1251 4160 viderunt,
1306 4103 1592 4162 testantur,
1617 4094 1683 4149 ad
1711 4096 1993 4151 minimum
2054 4104 2187 4148 ante
2227 4092 2660 4161 quadringentos
2711 4108 2885 4150 annos
2932 4096 3165 4165 scriptus
3226 4097 3347 4150 l‘uit.
3410 4099 3505 4153 Est

273 4192 454 4235 autem
486 4180 625 4236 inter
651 4183 865 4236 codices
886 4181 1005 4248 ejus
1035 4181 1375 4237 bibliothecae
1407 4199 1633 4239 numero
1696 4186 2017 4239 millesimus
2047 4181 2343 4251 vlgesimus
2386 4183 2671 4249 septimus.
2700 4182 2964 4252 Quisquis
3003 4185 3166 4253 igitur
3203 4194 3396 4240 auctor
3423 4196 3505 4241 est

273 4268 490 4321 illorum
523 4266 997 4331 collectaneorum,
1033 4267 1285 4322 ducentis
1306 4269 1494 4323 saltem
1529 4271 1611 4325 vel
1642 4272 1901 4327 trecentis
1930 4268 2089 4323 annis
2157 4268 2369 4322 Codino
2421 4276 2504 4322 est
2568 4270 2865 4338 antiquior.
2918 4269 2993 4322 Ex
3052 4271 3240 4323 iisdem
3287 4287 3503 4339 quoque

274 4354 624 4416 collectaneis
661 4354 783 4408 libri
825 4355 951 4423 περὶ
979 4356 1289 4422 κτισμάτων
1312 4358 1445 4410 satis
1480 4372 1673 4426 magna
1710 4374 1836 4427 pars
1864 4364 2114 4423 excerpta
2136 4364 2217 4407 est
2262 4372 2277 4412 :
2324 4364 2519 4409 caetera
2547 4355 2839 4424 desumpta
2869 4366 3080 4411 suntex
3131 4354 3343 4411 Joanne
3396 4361 3501 4414 An-

274 4437 552 4500 tiocheno,
586 4437 874 4492 Panodoro
903 4438 1165 4508 Egyptio
1203 4450 1257 4494 et
1283 4441 1424 4507 aliis,
1452 4443 1543 4511 qui
1577 4444 1631 4496 in
1657 4459 1721 4498 eo
1758 4444 1897 4498 libro
1929 4442 2185 4497 citantur.
2240 4440 2409 4495 Totus
2474 4441 2710 4511 denique
2782 4444 3062 4512 catalogus
3108 4444 3500 4515 imperatorum

272 4524 507 4593 Cpoleos
540 4540 710 4594 usque
744 4525 809 4579 ad
846 4527 1131 4593 imperium
1166 4528 1327 4594 primi
1355 4529 1529 4581 Alexii
1561 4530 1843 4594 Cotnneni,
1908 4530 2148 4583 auctoris
2171 4537 2256 4582 est
2290 4530 2461 4582 multo
2514 4528 2840 4597 antiquioris
2862 4529 3109 4585 Codino:
3155 4531 3356 4600 quippe
3406 4530 3501 4600 qui

272 4624 404 4664 eum
434 4611 737 4681 catalogum
769 4611 1103 4680 conscripsit
1139 4614 1242 4667 sub
1272 4614 1515 4667 Manucle
1544 4614 1823 4670 Comncno
1854 4615 2023 4669 Alexii
2048 4623 2261 4682 nepote,
2319 4623 2377 4667 ut
2408 4614 2521 4681 ipse
2551 4624 2781 4668 testatur
2820 4616 2906 4669 his
2937 4617 3114 4671 verbis
3146 4634 3159 4669 :
3218 4620 3247 4669 ὁ
3310 4616 3503 4687 κύριος

285 4695 522 4760 ’Δλάξιος
555 4699 583 4750 ὁ
613 4699 913 4767 Κομνηνὸς,
944 4700 971 4750 ὁ
1003 4700 1222 4760 πάππος
1256 4699 1347 4751 τοῦ
1377 4700 1640 4769 κραταιοῦ
1672 4705 1761 4756 καὶ
1780 4703 1935 4771 ἁγίου

1832 4703 1935 4771 τίου
1966 4701 2122 4770 ἡμῶν
2196 4699 2489 4768 βασιλέως.
2550 4700 2781 4769 Reliqua
2847 4717 3009 4770 porro
3032 4703 3263 4770 catalogi
3297 4719 3443 4771 pars,
3472 4720 3500 4758 a

279 4778 572 4836 Theodoro
591 4781 825 4837 Lascare
863 4783 978 4850 ejus
1004 4786 1238 4839 nominis
1275 4786 1447 4853 primo
1486 4802 1656 4855 usque
1686 4791 1748 4841 ad
1783 4776 2026 4843 ultimam
2064 4786 2295 4855 Cpoleos
2321 4787 2803 4856 expugnationem,
2834 4788 2902 4841 ab
2930 4789 3049 4857 ipso
3106 4788 3316 4843 Codino
3346 4803 3502 4858 supe-

270 4862 515 4921 rioribus
551 4862 758 4933 adjecta
783 4874 886 4931 est,
916 4880 1038 4920 cum
1076 4868 1184 4932 illc,
1219 4876 1277 4920 ut
1299 4867 1567 4938 principio
1598 4871 1726 4936 disi,
1763 4872 2155 4942 aliquantulum
2185 4873 2259 4928 illi
2305 4875 2453 4929 urbis
2481 4876 2696 4931 excidio
2726 4888 3005 4947 superstes
3035 4876 3220 4934 fuerit.

343 5064 386 5131 ‘)
411 5061 540 5133 Lydi
568 5060 702 5121 liber
726 5064 793 5118 ab
825 5061 991 5119 Hasio
1015 5073 1066 5118 et
1100 5064 1353 5122 thbero
1376 5068 1552 5122 editus
1588 5076 1691 5122 est.
