4200 6454
197 407 316 468 765

1361 412 1733 474 HISTORIA
1767 413 2222 477 BYZANTINA.

3352 419 3454 478 755

192 526 475 597 τολμηρὸς
506 525 580 588 ὡς
609 525 784 590 οὐδεὶς
833 527 989 590 ἄλλος
1019 529 1126 581 τῶν
1170 530 1313 592 τότε,
1376 533 1560 595 καθὼς
1620 536 1760 587 ἀπε-

1871 533 2164 595 nobilitate,
2197 534 2413 602 juvenis
2439 533 2617 598 fortis,
2646 542 2695 586 et
2727 534 2926 595 audax,
2953 535 2996 588 si
3020 533 3143 602 quis
3176 529 3319 585 alius
3366 545 3455 583 eu-

191 619 411 689 δείχθη,
472 620 848 682 ἀποσπασθεὶς
902 624 966 674 ἐκ
1017 623 1114 690 τῆς
1152 625 1434 693 φάλαγγος
1474 627 1581 680 τῶν
1642 629 1776 696 Χρι-

197 712 466 776 στιανῶν,
502 715 581 774 είς
617 714 785 782 μέσον
814 714 913 784 τῆς
951 715 1314 784 παρατάξεως
1353 717 1463 770 τῶν
1515 717 1773 787 Τούρκων

193 806 280 868 ὡς
329 806 631 874 αὐτόμολος
676 807 889 862 πίπτει.
939 808 1049 862 Καὶ
1125 809 1264 879 δῆτα
1319 812 1670 878 ἁρπάσαντες
1723 816 1772 869 οί

198 899 444 969 Τούρκοι
475 899 686 962 τοῦτον,
741 901 904 966 αὐτὸς
955 901 1012 954 δὲ
1072 903 1164 955 τὸν
1202 905 1450 974 ἡγεμόνα
1511 906 1774 974 ὀνομαστὶ

193 995 406 1057 καλῶν,
437 995 549 1059 καὶ,
583 994 857 1064 Βούλομαι
884 994 1077 1048 τοῦτον
1104 997 1255 1055 ἰδεῖν,
1280 997 1377 1050 καὶ
1409 997 1602 1066 λόγους
1621 1002 1773 1062 τινὰς

199 1086 603 1155 ὑποψιθυρίσαι
645 1087 720 1148 ὡς
779 1088 1059 1156 ἐγκρατὴς
1113 1089 1370 1153 γενέσθαι
1423 1092 1642 1143 reo-root
1679 1092 1772 1144 τοῦ

195 1181 468 1251 πολέμου,
519 1182 701 1235 ἕνεκα
726 1180 838 1249 γὰρ
898 1182 1117 1234 τούτου
1167 1183 1503 1251 αὐτόμολος
1547 1185 1772 1251 ἐληλύ-

197 1279 352 1339 θειν,
389 1274 579 1338 είπὼν,
637 1274 729 1328 τδν
764 1276 1014 1344 ἡγεμόνα
1070 1275 1398 1332 δεικνύουσι.
1442 1277 1501 1331 '0
1547 1279 1773 1346 Μουράτ

195 1368 258 1420 δὲ
314 1367 404 1421 διὰ
461 1369 557 1434 τῆς
618 1369 802 1437 χειρὸς
857 1368 1218 1436 δειγματίσας
1272 1370 1464 1424 τοῦτον
1508 1372 1583 1432 ὡς
1639 1373 1774 1439 πρὸς

199 1460 371 1513 αὐτὸν
401 1459 600 1519 ἐλθεῖν.
637 1463 663 1513 6
707 1461 826 1522 νέος
848 1463 1121 1530 ’ὁρμήσας
1169 1463 1263 1514 καὶ
1296 1462 1524 1531 πλησίον
1577 1464 1771 1526 ἐλθὼν,
1809 1540 1816 1544 ι

201 1550 425 1619 ξιφιδίῳ
451 1557 594 1603 κατὰ
620 1551 848 1620 καρδίας
887 1554 1110 1621 καιρίαν
1161 1554 1349 1607 δίδωσι
1377 1555 1474 1624 τὴν
1530 1554 1769 1622 πληγὴν,

198 1643 299 1694 καὶ
329 1641 494 1702 αὐτὸς
529 1643 678 1713 παρά
708 1644 816 1698 τῶν
848 1644 1237 1715 πελεκυφὸρων
1282 1653 1374 1699 καὶ
1410 1647 1772 1699 ὑπασπιστῶν

195 1733 297 1786 τοῦ
327 1735 555 1804 Μουράτ
584 1736 810 1804 μεληδὸν
841 1737 1268 1804 κατατέμνεται.
1297 1738 1430 1790 Τότε
1461 1741 1508 1790 οἱ
1535 1738 1772 1806 Τοῦρκοι

194 1825 261 1879 1:6
287 1827 421 1896 παρ’
451 1825 641 1879 ἐλπίδα
672 1827 861 1880 καινὸν
897 1828 1248 1897 θεασάμενοι,
1305 1828 1400 1881 καὶ
1454 1824 1564 1881 οἷον
1599 1827 1769 1882 κακὸν

193 1918 449 1985 αὐθωρδν
485 1918 570 1970 ἐπ’
607 1918 732 1988 ὄψιν
787 1920 1050 1973 ἐπιπεσδν
1101 1922 1177 1989 μὴ
1221 1922 1602 1991 ὲνιγκάμενοι,
1645 1923 1769 1992 βουο

191 2013 296 2082 λὴν
325 2011 655 2065 εὐσύνοπτον
690 2011 1041 2080 βουλεύονται
1075 2015 1222 2080 μάλα
1254 2016 1350 2068 καὶ
1391 2016 1714 2082 σοφιστικήν
1749 2031 1763 2045 ο

189 2104 252 2154 ἀν
287 2101 437 2170 μέσῳ
466 2103 567 2169 τῆς
594 2103 950 2173 παρατάξεως
985 2109 1191 2173 σκηνὴν
1251 2106 1586 2173 πεπηγότες,
1630 2104 1766 2158 εἴσω

189 2197 288 2249 τὸν
315 2196 556 2266 ἡμιθανῆ
584 2197 814 2265 Μουράτ
837 2198 1150 2250 τεθείκασι·
1182 2199 1336 2252 αὐτοὶ
1375 2200 1430 2252 δὲ
1469 2200 1543 2260 ὡς
1575 2200 1767 2252 οὐδένα

191 2290 326 2350 τοὺς
361 2290 588 2350 πολλοὺς
625 2289 904 2350 κινδύνους
935 2289 1284 2352 ἀπώσαντες,
1341 2291 1473 2343 εἴσω
1513 2291 1622 2342 τῶν
1657 2309 1765 2343 πα-

193 2381 478 2452 ρατάξεων
517 2381 591 2443 ὼς
643 2382 805 2444 κύνες
855 2382 1156 2444 λυττῶντες
1217 2382 1525 2452 ἐχώρησαν.
1586 2384 1647 2434 Οἱ
1709 2383 1764 2435 δὲ

189 2473 389 2543 Σὲρεοι
425 2472 751 2537 ἀγνοοῦντες
791 2474 890 2545 τὴν
925 2476 1004 2536 είς
1032 2475 1231 2537 αὐτοὺς
1254 2475 1581 2544 γενηθεῖσαν
1611 2475 1763 2543 παρὰ

191 2567 290 2619 τοῦ
318 2566 485 2619 καλοῦ
517 2568 640 2619 νέου
675 2567 888 2620 ἐκείνου
921 2567 1227 2636 εὐστοχίαν.
1263 2568 1358 2619 καὶ
1381 2567 1476 2636 τὴν
1501 2570 1578 2629 είς
1636 2570 1764 2629 τοὺς

191 2659 476 2728 Τούρκους
557 2658 650 2711 τοῦ
716 2660 989 2728 ἡγεμόνος
1083 2662 1309 2728 ζημίαν,
1370 2661 1503 2714 ἀλλὰ
1563 2663 1763 2730 μᾶλλον

189 2751 599 2817 ἀπεγνωκότες,
630 2751 706 2813 ὼς
746 2751 774 2802 6
806 2753 970 2815 καλὸς
1013 2754 1220 2813 ἐκεῖνος
1272 2755 1577 2823 στρατηγὸς
1627 2756 1786 2824 ἄτερ.

189 2840 423 2909 κέρδους
457 2840 553 2892 τοῦ
586 2842 1042 2910 προσδοκωμένου
1077 2842 1344 2907 ἀπώλετο,
1378 2845 1762 2912 δειλοκαρδίως

193 2933 440 2987 κάκεῖνοι
481 2934 618 3004 πρὸς
636 2936 760 2998 τοὺς
785 2935 1059 3004 Τούρκους
1095 2939 1364 3006 ἀντεῖχον,
1390 2939 1492 3000 ἕως
1525 2939 1583 2992 οὗ
1608 2940 1762 3002 τέλος

190 3025 220 3077 6
270 3026 513 3093 πόλεμος
574 3026 788 3096 εἴληφε.
843 3028 1292 3098 Συλλαμῦάνεται
1354 3025 1447 3085 οὖν
1507 3032 1534 3083 6
1581 3031 1762 3096 Λάζα-

193 3135 286 3184 ρος
316 3118 450 3187 (τι),
485 3119 579 3172 καὶ
602 3122 699 3173 σὺν
724 3120 873 3191 αὑτῷ
897 3121 1008 3175 τῶν
1049 3122 1394 3190 μεγιστάνων
1413 3124 1461 3176 oi
1493 3123 1759 3189 πλεῖστοι,

1879 633 2214 678 zetaneornm
2249 636 2375 680 tunc
2404 624 2524 689 fuit,
2562 625 2792 691 talisque
2816 626 2965 679 exitu
3028 625 3380 695 approbatus,
3427 639 3456 676 a

1879 717 2315 772 Christianorum
2344 719 2536 773 aciein
2567 720 2774 773 medios
2795 718 3098 772 Turcorum
3121 719 3343 773 ordines
3367 734 3456 770 vc-

1878 811 1959 865 lut
1990 809 2270 880 transfuga
2309 813 2604 880 procurrit,
2634 812 2931 878 statimque
2981 825 3009 861 a
3059 808 3254 864 Turcis
3308 826 3455 863 com-

1878 905 2255 972 prehenditur.
2281 903 2396 972 lpse
2425 919 2554 958 vero
2584 903 2888 959 Turcorum
2914 904 3213 972 principem
3241 905 3458 957 nomine

1876 998 2211 1063 compellans
2244 997 2458 1051 dicebat
2494 1012 2692 1064 copere
2720 1015 2776 1052 sc
2806 1015 2926 1052 eum
2957 998 3162 1062 ridere,
3195 1006 3249 1050 et
3293 1000 3453 1048 verba

1877 1093 2124 1159 qum-dam
2150 1093 2200 1144 in
2239 1108 2423 1144 aurem
2462 1091 2561 1160 ipsi
2599 1092 2798 1154 facere,
2827 1103 2883 1144 ut
2911 1092 3013 1146 boe
3050 1092 3190 1146 bello
3208 1091 3459 1160 superior

1876 1185 2127 1240 evaderet
2158 1201 2173 1235 :
2211 1184 2386 1252 Huius
2409 1187 2545 1238 enim
2576 1202 2754 1244 causa,
2779 1185 2977 1255 inquit,
3018 1186 3299 1254 transfuga
3355 1186 3455 1236 huc

1877 1280 2100 1332 transivi
2119 1295 2136 1332 .'
2155 1279 2345 1333 ducem
2369 1281 2551 1348 itaque
2572 1295 2728 1334 suum
2752 1280 2826 1333 illi
2855 1279 3171 1333 ostendunt.
3195 1278 3458 1331 Moratcs-

1876 1388 1982 1441 que
2013 1387 2177 1425 manu
2211 1372 2503 1440 significat,
2538 1381 2595 1425 ut
2627 1373 2690 1424 ad
2718 1388 2776 1426 se
2801 1372 3084 1426 accederet
3113 1389 3124 1424 :
3166 1387 3286 1424 cum
3326 1386 3455 1437 ergo

1879 1479 2039 1532 prope
2079 1464 2403 1517 accessisset
2432 1464 2664 1530 juvenis,
2705 1464 2815 1517 sica
2854 1462 3051 1516 lethale
3094 1463 3285 1514 vulnus
3319 1477 3456 1530 prie-

1875 1556 2080 1609 cordiis
2111 1557 2324 1625 tyranni
2360 1556 2576 1625 infligit,
2613 1557 2835 1625 ipseque
2871 1557 2936 1609 ab
2971 1556 3203 1609 hastatis
3235 1554 3458 1607 Muralis

1874 1645 2221 1709 satellitibus,
2249 1646 2571 1700 custodibus
2595 1662 2681 1713 tne
2706 1645 3054 1698 membratim
3079 1643 3454 1697 concisnscst.

1876 1736 2030 1791 Tunc
2069 1737 2231 1792 'l'urci
2267 1753 2467 1790 norum
2506 1752 2694 1790 casum
2741 1747 2937 1806 praeter
2989 1751 3140 1803 Spem
3202 1734 3457 1790 contuiti,

1877 1835 2092 1898 tamque
2136 1829 2556 1890 acerbzeiladis,
2591 1829 2744 1898 cujus
2794 1829 2892 1896 ipsi
2952 1835 3290 1896 spectatores
3347 1823 3460 1878 fne-

1879 1929 2020 1982 rant,
2048 1919 2412 1988 impatientes,
2437 1919 2725 1973 consilium
2746 1918 2985 1987 prudens
3014 1926 3177 1985 atque
3199 1915 3455 1969 eallidmn

1873 2011 2057 2067 ineunt
2094 2031 2106 2067 :
2136 2015 2188 2067 in
2223 2014 2398 2066 media
2433 2015 2546 2066 acie
2572 2013 2808 2066 tentorio
2869 2019 3051 2066 erecto
3105 2013 3256 2062 intus
3295 2011 3457 2063 semi-

1872 2117 2149 2160 mortuum
2179 2107 2434 2158 Moralem
2477 2107 2858 2172 deponunt,ac
2883 2104 3045 2159 veluti
3083 2107 3290 2156 nullum
3326 2101 3456 2155 sul--

1873 2200 2061 2253 iissent
2092 2199 2417 2270 periculmn,
2439 2199 2627 2252 multis
2657 2197 2873 2252 interim
2903 2197 3180 2259 devitatis,
3204 2198 3342 2250 intra
3372 2214 3457 2246 m-

1870 2291 2020 2344 dines
2036 2302 2091 2344 ut
2123 2305 2286 2344 canes
2307 2290 2478 2343 rabidi
2495 2306 2551 2343 se
2575 2298 2920 2358 receperunt.
2957 2288 3133 2343 Servii
3157 2304 3307 2346 vero.
3331 2304 3452 2355 quae

1869 2397 1897 2434 a
1919 2382 2041 2434 forti
2061 2396 2123 2434 ac
2146 2396 2407 2449 generoso
2423 2381 2622 2449 juvene
2639 2381 2734 2435 illo
2756 2389 2862 2433 tam
2885 2379 3114 2434 solerter
3134 2392 3183 2431 et
3206 2378 3453 2439 feliciter,

1867 2487 2076 2541 proque
2095 2473 2272 2526 salute
2294 2488 2390 2526 sua
2409 2483 2556 2540 gesta
2577 2483 2753 2536 erant,
2781 2488 2890 2527 non
2922 2473 2978 2543 6
2995 2472 3173 2527 solum
3199 2486 3302 2523 non
3359 2485 3452 2522 εον-

1868 2575 2191 2635 αηονοΓυιη,
2208 2579 2484 2635 quamque
2501 2563 2661 2618 Turci
2686 2566 2897 2619 cladem
2921 2565 3128 2619 amisso
3151 2564 3283 2617 duce
3299 2578 3456 2616 acre-

1866 2665 2079 2726 perant;
2102 2657 2196 2711 sed
2218 2658 2399 2710 animo
2427 2658 2649 2726 insuper
2675 2657 2830 2711 fracti
2854 2671 2918 2712 ac
2950 2656 3374 2726 despondentes,
3401 2665 3458 2706 ut

1867 2750 2103 2804 eximius
2135 2750 2221 2803 ille
2250 2749 2376 2804 belli
2416 2751 2522 2804 dux
2545 2758 2761 2818 sperato
2783 2747 2962 2803 fructu
2982 2749 3201 2803 delusus
3220 2748 3378 2816 periit
3406 2757 3459 2800 et.

1869 2843 1972 2910 ipsi
2013 2843 2204 2910 ignave
2237 2857 2299 2896 ac
2335 2842 2522 2895 timide
2561 2841 2756 2896 Turcis
2808 2842 3149 2902 restiterunt,
3189 2840 3458 2908 lantiSper

1865 2934 1995 2988 dum
2015 2935 2171 2986 talem
2191 2936 2394 2987 exitum
2423 2933 2672 3002 praelium
2695 2934 2934 2987 haberet.
2952 2931 3455 3001 Comprehenditnr

1866 3025 2202 3085 Lazarus.et
2235 3041 2356 3079 cum
2397 3043 2462 3079 eo
2518 3039 2811 3093 procerum
2860 3032 3024 3094 atque
3073 3023 3201 3077 belli
3252 3024 3454 3077 ducum

1867 3119 2277 3188 quamplurimi,
2305 3118 2465 3187 quiin
2495 3119 2816 3181 tentorium,
2842 3117 2895 3172 in
2919 3133 3027 3186 quo
3054 3116 3289 3172 Morates
3309 3116 3456 3185 jace-

195 3211 292 3272 οὓς
321 3212 706 3279 ἀπαγαγόντες
749 3213 808 3264 ὲν
830 3215 894 3281 τῇ
957 3216 1127 3283 σκηνῇ
1251 3213 1427 3267 ἔκειτο
1457 3218 1483 3267 6
1534 3216 1759 3285 Μουράτ

1871 3211 2217 3263 batanimam
2254 3210 2363 3279 jam
2392 3225 2578 3278 agens,
2611 3210 2830 3264 adducti
2889 3209 3256 3274 trucidantur,
3315 3209 3459 3262 idem

193 3302 296 3376 ήδη
326 3303 393 3355 τά
418 3303 629 3355 λοίσθια
673 3303 872 3368 πνέων,
905 3305 1001 3356 σὺν
1027 3304 1105 3374 τῷ
1135 3303 1372 3375 Λαζάρῳ
1412 3306 1620 3370 πάντας
1636 3311 1762 3368 τοὺς

193 3401 288 3455 ὑπ’
316 3401 480 3454 αὑτὸν
508 3399 677 3468 ἄρδην
723 3399 1098 3465 κατέσφαξαν,
1140 3399 1233 3451 καὶ
1263 3401 1361 3450 σὺν
1423 3399 1606 3461 αὐτοῖς
1655 3401 1763 3451 καὶ

193 3495 420 3564 “cupit
482 3494 650 3560 ἄμφω
703 3490 858 3553 τέλος
915 3490 1187 3553 ἐδέξαντο.
1236 3491 1308 3543 Τὸ
1360 3491 1531 3557 δεξιὸν
1591 3492 1763 3560 κέρας

198 3589 368 3657 μήπω
392 3584 500 3636 τῶν
561 3583 954 3650 πραττομένων
984 3581 1307 3652 αίσθόμενόν
1359 3601 1432 3644 τι,
1469 3584 1583 3636 ἀλλ’
1641 3583 1762 3634 οὔτε

193 3679 255 3730 τὸ
286 3674 598 3744 ἀριστερὸν,
635 3675 691 3727 ὲν
718 3673 774 3726 δὲ
809 3676 873 3742 τῇ
903 3675 1141 3743 οὑραγίᾳ
1173 3674 1346 3726 ταῦτα
1387 3674 1760 3744 ἐπράχθησαν.

192 3768 304 3824 ἾΙν
331 3771 387 3822 δὲ
414 3773 440 3823 6
467 3771 697 3838 ἔξαρχος
738 3768 834 3821 τοῦ
870 3767 1048 3831 δεξιοῦ
1111 3769 1344 3837 κέρατος
1380 3768 1708 3831 Σαδούτζιος
1741 3772 1765 3819 6

194 3866 411 3933 πρῶτος
434 3864 537 3915 τῶν
579 3862 711 3914 υίὼν
734 3861 983 3929 Μουρὰτ,
1015 3860 1110 3913 τοῦ
1144 3861 1200 3913 δὲ
1234 3860 1527 3930 ἀριστεροῦ
1579 3863 1605 3912 6
1645 3860 1764 3912 δεύ-

193 3973 356 4024 τερος
385 3955 533 4006 ὁκαὶ
585 3953 894 4020 Παγιαζὴτ,
945 3953 1134 4013 δεινὸς,
1174 3954 1267 4006 καὶ
1315 3952 1642 4022 δραστήριος
1693 3953 1766 4011 ὡς

198 4046 377 4104 οὐδεὶς
431 4045 538 4096 τῶν
593 4043 794 4107 ἄλλων,
841 4042 899 4093 ὃν
933 4043 1028 4093 καὶ
1062 4043 1535 4106 μετακαλέσαντες
1585 4043 1634 4093 οί
1671 4042 1768 4103 τῆς

201 4135 397 4206 βουλῆς
430 4133 754 4202 ἐξοχώτατοι
794 4130 889 4185 τοῦ
919 4132 1164 4198 Μουράτ,
1199 4130 1291 4194 οὓς
1345 4134 1438 4184 καὶ
1478 4131 1767 4200 βεξήριδας

199 4225 344 4277 κατὰ
369 4223 468 4292 τὴν
495 4223 676 4274 αὐτῶν
704 4221 952 4289 γλῶτταν
999 4221 1278 4283 καλοῦσιν,
1322 4219 1770 4273 ἀνακαλύπτουσι

197 4318 269 4369 τά
304 4317 587 4382 γινόμενα,
625 4315 719 4366 καὶ
752 4314 811 4366 τὸ
871 4314 1075 4383 πτῶμα
1128 4313 1189 4365 τὸ
1239 4313 1770 4382 πατρικδνὲμφανί-

195 4410 372 4472 ζουσι.
427 4408 485 4460 '0
520 4408 602 4470 δὲ,
639 4407 759 4458 οὐδὲ
801 4407 988 4476 σχῆμα
1039 4405 1289 4472 οἰμωγῆς
1322 4404 1354 4474 ἢ
1386 4403 1666 4471 κλαυθμοῦ
1700 4405 1757 4455 ἐν

195 4503 319 4562 ταῖς
351 4501 604 4567 παρειαῖς
633 4498 926 4562 ἀναφανὲν,
981 4497 1371 4564 μετακαλεῖται
1437 4495 1768 4559 Σαϐούτζιον

1864 3303 2055 3355 mortis
2076 3318 2244 3368 genus
2263 3317 2324 3354 ac
2347 3301 2576 3355 Morates
2595 3304 2829 3371 experti.
2849 3301 3056 3354 Horum
3081 3317 3210 3355 vero
3230 3317 3350 3370 quae
3370 3317 3458 3366 ge-

1863 3395 2118 3448 rebantur
2143 3395 2381 3446 nondum
2408 3395 2706 3464 quidquam
2739 3405 3045 3458 senserant,
3095 3394 3186 3462 qui
3222 3393 3274 3449 in
3323 3393 3460 3448 later.-

1865 3489 2164 3552 dextroque
2195 3487 2328 3540 aciei
2362 3504 2530 3541 cornu
2566 3491 2819 3542 stabant:
2858 3489 2910 3542 in
2941 3497 3212 3558 postrema
3261 3488 3461 3555 quippe.

1866 3580 1979 3633 acie
1999 3590 2290 3648 pugnatum
2314 3590 2446 3634 erat.
2473 3584 2725 3632 Dextrum
2752 3580 3169 3634 ducebatcornu
3192 3580 3368 3632 Sabue
3398 3595 3458 3631 us

1867 3674 2040 3742 major
2069 3682 2193 3726 natu
2232 3675 2462 3726 filiorum
2494 3673 2724 3725 Muralis
2765 3691 2778 3726 :
2813 3675 2944 3726 laevo
2965 3673 3345 3741 prmerataltcr
3367 3687 3457 3723 eo-

1871 3783 1986 3818 rum
2020 3765 2312 3830 Bajazitcs.
2352 3769 2432 3816 vir
2464 3781 2609 3823 aerr,
2638 3775 2686 3818 et
2745 3779 2852 3833 prae
2891 3765 3100 3817 caeteris
3155 3772 3439 3830 promptus

1869 3874 2027 3925 quem
2077 3857 2500 3920 accersivernnt,
2553 3858 2664 3924 qni'
2699 3856 2959 3909 vezirides
3018 3871 3206 3908 eorum
3267 3853 3449 3919 lingua

1873 3959 2159 4010 vocantur,
2200 3949 2454 4016 przeeipni
2494 3949 2715 4000 Moratis
2753 3947 3075 4003 consiliarii.
3099 3947 3258 4012 eique
3283 3961 3448 4008 extro-

1872 4049 2151 4108 nuntquu:
2181 4039 2513 4101 ateiderant,
2573 4054 2872 4106 casumque
2919 4038 3110 4106 patris.
3169 4036 3454 4104 Lacrytnis

1872 4132 2058 4200 itaque
2086 4133 2420 4200 compressis
2451 4131 2710 4199 omnique
2745 4133 2921 4185 luetus
2937 4129 3455 4198 specie,Sabucium

1871 4227 2091 4280 fratrem
2109 4225 2530 4294 tauquamjussu
2553 4225 2720 4290 patris
2741 4237 2863 4277 cum
2887 4239 2949 4275 eo
2969 4222 3032 4275 de
3054 4223 3215 4276 rebus
3236 4222 3456 4291 gravio-

1874 4319 2025 4372 ribus
2057 4331 2276 4371 acturus
2308 4318 2373 4369 ad
2404 4333 2460 4370 se
2508 4327 2686 4370 vocat.
2731 4315 3006 4370 Salntcius
3040 4317 3224 4382 itaque
3279 4316 3441 4369 veluti

1873 4411 2010 4478 patri
2041 4409 2425 4477 obtemperans
2453 4418 2649 4476 sponte
2678 4407 2890 4460 accedit
2942 4407 3150 4460 fraudis
3208 4423 3270 4461 ac
3335 4408 3446 4461 doli

1874 4503 2117 4571 ignarus,
2152 4500 2461 4567 invitusque
2492 4512 2520 4550 a
2559 4498 2728 4551 fratre
2763 4499 3247 4565 comprehetnlitnr
3281 4507 3446 4551 etes—

198 4593 288 4644 τ⁵ιν
312 4589 562 4657 ἀδελφὸν,
587 4589 662 4650 ὡς
693 4588 854 4656 δῆθεν
885 4590 947 4639 ὲκ
977 4587 1068 4640 τοῦ
1101 4588 1308 4654 πατρὸς
1344 4589 1425 4640 ἵνα
1464 4587 1766 4656 σκέψωνταί

1874 4597 2129 4642 caecatur.
2183 4585 2486 4639 Turcorum
2541 4587 2735 4640 deinde
2785 4587 3036 4654 princeps
3097 4588 3452 4640 renuntiatur

197 4701 246 4736 τι
287 4681 607 4750 βαθύτερον.
680 4679 1032 4744 Ἀγνοοῦντος
1078 4678 1133 4731 δὲ
1178 4679 1505 4743 Σαόουτζίου
1541 4680 1654 4747 (25)
1706 4679 1762 4731 τὸ

199 4774 383 4840 δρᾶμα
412 4771 554 4823 ἑκὼν
584 4770 803 4840 ἔρχεται
827 4769 902 4830 ὡς
938 4770 1074 4838 πρὸς
1105 4771 1196 4821 τὸν
1229 4772 1462 4839 πατέρα,
1495 4771 1586 4822 καί
1613 4769 1761 4822 ἄκων

201 4863 640 4930 συλλαμϐάνεται
674 4862 825 4931 παρὰ
848 4861 942 4914 τοῦ
972 4861 1225 4928 ἀδελφοῦ.
1253 4865 1345 4913 καὶ
1381 4864 1506 4924 τοὺς
1566 4861 1767 4930 ὀφθαλ-

203 4957 340 5025 μοὺς
386 4953 758 5023 ὲξορύττεται.
824 4953 932 5006 Καὶ
981 4953 1223 5025 ἀρχηγὸς
1283 4955 1388 5006 τῶν
1437 4953 1697 5023 Τούρκων
1741 4958 1768 5006 6

206 5043 494 5112 Παγιαζὴτ
531 5043 935 5108 ἀναδείκνυται,
981 5045 1114 5112 ἀνὴρ
1161 5044 1330 5104 δεινὸς
1382 5045 1478 5098 καὶ
1532 5047 1659 5113 περὶ
1700 5047 1766 5097 τά

200 5137 479 5203 πολεμικά
507 5134 644 5204 ἔργα
685 5137 958 5204 γρήγορος
984 5137 1454 5204 Χριστιανομάχος
1489 5137 1563 5198 ὡς
1592 5136 1764 5200 οὐδεὶς

197 5231 308 5284 τιῖιν
342 5229 460 5282 κατ’
493 5230 682 5293 αὐτὸν,
719 5231 775 5280 ὲν
805 5231 871 5298 τῇ
911 5227 1019 5281 τῶν
1052 5227 1306 5298 Ἀράϐων
1341 5227 1610 5301 θρησκείᾳ
1661 5247 1762 5298 μα-

1869 4678 2158 4748 Bajazites,
2187 4680 2266 4732 vir
2285 4679 2426 4732 acris
2452 4679 2856 4748 ingenii,inquc
2875 4679 3036 4733 rebus
3059 4679 3266 4732 bellicis
3292 4679 3454 4731 sedu-

1865 4771 1951 4824 lus
1982 4783 2147 4839 atqne
2181 4773 2431 4840 impiger,
2463 4787 2571 4839 pra:
2604 4772 2815 4825 caeteris
2847 4773 2931 4826 sui
2983 4772 3081 4825 :evi
3129 4773 3447 4824 hominibus

1868 4865 2304 4920 Christianorum
2341 4868 2530 4928 hostis,
2567 4867 2975 4934 superstitionis
3004 4867 3242 4920 Arabum
3266 4868 3452 4920 obser-

1869 4968 2025 5011 vator
2056 4958 2494 5013 studiosissimus
2529 4976 2541 5012 :
2573 4968 2626 5012 et
2647 4957 3186 5025 Mohamedisimpiis
3210 4973 3449 5025 prazcep-

1869 5053 1940 5106 tis
1970 5050 2253 5106 adbzrrens
2283 5067 2345 5105 ea
2368 5053 2783 5106 accuratissime.
2833 5052 3180 5106 observabat.
3247 5048 3448 5104 Noctes

1873 5142 2149 5196 insomnes
2212 5143 2439 5198 ducebat
2475 5143 2697 5196 consilia
2727 5153 2967 5205 struens,
3010 5143 3272 5211 dolosquc
3321 5157 3448 5195 nec-

1873 5242 1989 5287 tens
2017 5232 2280 5288 adversus
2315 5233 2518 5289 Christi
2546 5235 2904 5289 rationabiles
2939 5249 3089 5288 oves.

1403 5367 1682 5428 lsmaelis
1713 5367 2005 5429 Bullialdi
2041 5378 2228 5431 notae.

267 5492 382 5558 (25)
439 5492 822 5559 Ἀγνοοῦντος
880 5493 947 5543 δὲ
987 5494 1362 5553 Σαϐουτζῖου.
1423 5495 1768 5552 Conveniunt

197 5565 339 5616 inter
354 5577 408 5614 se
431 5562 674 5616 historici
696 5563 760 5613 de
801 5561 1052 5630 Bajazitis
1079 5567 1142 5615 ad
1163 5567 1444 5632 imperium
1463 5576 1765 5620 evectione.

200 5634 372 5684 Hui-as
393 5642 720 5685 exeaecatum
769 5632 936 5686 fuisse
965 5636 1144 5699 prodit
1193 5636 1511 5698 Sabueium;
1559 5635 1763 5689 Laoni-

198 5717 296 5756 CHS
325 5709 378 5754 et
403 5699 679 5755 Phranzes
697 5705 1093 5770 strangulatum
1112 5715 1379 5756 aSSerunt.
1407 5703 1763 5758 Leunclavin;

201 5775 290 5822 lib.
327 5787 355 5821 v
383 5771 572 5822 eodem
612 5773 800 5825 mortis
855 5789 1052 5837 genere
1098 5776 1305 5836 pet-issi:
1333 5776 1544 5836 scribit,
1576 5787 1627 5828 ct
1662 5776 1760 5825 li..-

193 5841 419 5912 jazitcut
451 5839 750 5897 Gildr'runt.
785 5852 974 5896 nostro
999 5841 1192 5904 Ιῖῑνὶιιι,
1253 5844 1395 5911 quod
1419 5860 1614 5899 nomen
1655 5849 1732 5900 ἵειί

1871 5515 1986 5552 men
2017 5501 2457 5568 interpretantur,
2493 5514 2619 5554 natn
2657 5503 2956 5570 majorem;
3015 5502 3347 5570 fratremque
3383 5502 3443 5551 il-

1869 5571 1977 5624 lius
2002 5570 2260 5637 Jacupem
2296 5572 2534 5623 Zelebim
2565 5583 2689 5624 natu
2745 5569 3007 5624 minorem
3074 5574 3260 5623 fuisse.
3305 5569 3443 5621 Lao-

1871 5642 2024 5696 nicus
2068 5639 2431 5694 Suleimaneut
2482 5643 2653 5694 fuisse
2691 5655 2816 5692 natu
2875 5642 3155 5706 majorem.
3222 5641 3437 5705 llajazi-

1869 5720 1974 5762 lem
2007 5712 2420 5764 verominoretn
2461 5712 2643 5765 tradit.
2709 5711 2982 5763 l’hranzes
3041 5711 3186 5762 illum
3232 5711 3438 5762 Musul-

1869 5795 2110 5842 manum,
2143 5779 2298 5833 ΤυΓυὶ
2333 5782 2494 5848 laenp
2519 5799 2604 5839 ftst,
2663 5781 2932 5834 Laonirus
2961 5791 3009 5832 rt
3043 5781 3210 5833 (ira-ci
3260 5779 3438 5830 Sulci-

1869 5864 2078 5904 manem
2103 5854 2397 5918 appellant,
2435 5867 2593 5917 quem
2618 5851 2788 5906 bacas
2852 5852 3144 5905 Sui-nium
3167 5849 3432 5903 nominat.
