4200 6454
260 366 373 429 865

1437 358 1807 423 HISTORIA
1850 359 2294 421 BYZANTINA.

3392 356 3498 416 866

260 484 321 539 δὶ
349 482 555 552 Μωσῆς
590 478 794 551 ἀκριϐῆ
827 479 1055 547 ῖρευναν
1092 478 1324 548 ποιήσας
1361 478 1447 542 εἰς
1496 480 1625 541 τοὺς
1658 481 1838 548 φονεῖς

1947 477 2346 532 Musulmanum
2414 474 2838 540 interfecerant,
2892 484 3115 544 tresque
3183 473 3347 534 illos.
3400 474 3500 545 qui

261 575 359 629 τοῦ
415 574 805 643 Μουσουλμὰν,
847 572 944 625 καὶ
982 569 1157 641 εὑρὼν
1204 572 1298 625 καὶ
1347 572 1475 635 τοὺς
1526 575 1693 642 τρεῖς,
1744 574 1836 626 xal.

254 668 487 739 πέμψας
530 668 591 720 ιν
630 665 711 735 τῷ
730 666 922 736 χωρίῳ
950 664 978 719 δ
1030 663 1141 738 [οὗ]
1175 664 1445 735 wonder)
1469 682 1485 696 ·
1519 666 1616 719 καὶ
1648 666 1835 736 ἁθροί-

263 776 364 823 σας
399 760 607 821 πάντας
632 757 760 821 τοὺς
784 758 1049 827 χωρίτας,
1067 758 1160 810 καὶ
1192 756 1475 827 δεσμήσας
1503 757 1597 811 τὸν
1627 758 1833 813 καθένα

263 852 364 905 σὺν
409 850 627 919 γυναιξὶ
659 850 752 903 καὶ
797 852 1030 913 τέκνοις,
1064 850 1375 916 ἀσφαλίσας
1403 851 1498 904 τδν
1532 850 1735 903 καθένα
1776 852 1833 902 ἐν

258 946 386 1007 ταῖς
417 944 681 1007 καλύϐαις
709 943 911 1007 αὐτῶν,
947 941 1057 1012 πῦρ
1087 943 1314 1009 ἀφιᾶσιν
1335 960 1350 975 ο
1380 943 1476 997 καὶ
1520 946 1688 996 τέκνα
1738 945 1832 995 καὶ

257 1036 473 1103 γονεῖς,
502 1036 595 1088 καὶ
625 1037 930 1104 συγγενεῖς,
970 1036 1062 1089 καὶ
1114 1037 1172 1089 αι
1200 1036 1466 1097 usus“.
1503 1035 1604 1089 καὶ
1631 1035 1692 1089 τὸ
1726 1053 1832 1103 χω-

258 1130 382 1197 ρίον
434 1128 583 1183 ἅπαν
630 1128 1050 1199 κατετεφρὼθη.
1084 1134 1180 1184 καὶ
1238 1132 1320 1194 τις
1360 1131 1511 1183 κόνιν
1557 1128 1828 1198 ἐγένοντο.

260 1222 539 1293 Τοιαύτην
595 1222 791 1292 ποινὴν
855 1224 883 1276 ὁ
939 1216 1324 1293 ἀπάνθρωποξ
1371 1222 1450 1283 εἰς
1517 1221 1832 1291 ἀνθρώπους

260 1316 583 1386 εἰργάσατο,
607 1314 879 1369 δεικνύων
921 1314 1023 1386 τὴν
1063 1313 1324 1385 ἀπαρχὴν
1373 1314 1484 1368 τῶν
1524 1314 1731 1378 κακῶν,
1759 1309 1832 1365 ὦν

260 1409 468 1479 ἤμελλε
520 1406 962 1479 κατεργάζεσθαι
1039 1406 1099 1458 ἐν
1163 1408 1285 1469 ταῖς
1349 1407 1587 1476 ἡμέραις
1642 1406 1829 1462 αὑτοῦ.

273 1499 560 1569 Ἀθροίσας
606 1494 700 1553 οὖν
753 1499 882 1562 τοὺς
933 1499 1269 1567 μεγιστᾶνας
1315 1500 1414 1568 τῆς
1453 1501 1676 1570 Θρᾴκης
1735 1501 1831 1552 καὶ

258 1592 601 1655 Μακεδονίας
643 1592 743 1645 καὶ
782 1592 893 1645 τῶν
940 1591 1486 1661 ᾶλὶιωνὶπι-ρχιῶνο
1516 1589 1660 1664 ἦσαν
1721 1595 1832 1662 γὰρ

261 1685 717 1755 συνηθροισμένοι
784 1682 985 1746 πάντες
1049 1684 1132 1746 si;
1190 1683 1564 1752 προσκύνησιν
1618 1685 1829 1737 αὑτοῦ·

258 1776 659 1846 δημηγορήσας
682 1774 874 1844 εἴρηκε
902 1775 1038 1843 πρὸς
1072 1776 1271 1837 αὐτούς
1296 1792 1310 1806 °
1354 1771 1429 1832 Ὠ
1456 1776 1675 1843 ἄνδρες
1733 1778 1831 1831 καὶ

253 1835 371 1923 τοῦ
912 1835 1103 1938 φίλοι,
1138 1835 1263 1922 και-
1288 1868 1399 1938 τὰρ
1450 1874 1523 1925 οὐ
1569 1835 1832 1936 δούλους
1860 1835 1906 1893 Β

258 1962 443 2033 λέγω,
480 1964 683 2018 οἴδατε
714 1961 967 2031 ἀκριϐῶς
994 1962 1111 2030 τὴν
1142 1961 1224 2030 ἦν
1266 1964 1502 2032 ὑιέστη
1536 1962 1697 2031 παρὰ
1727 1964 1832 2018 τοῦ

263 2055 452 2123 Τεμὺρ
499 2052 763 2122 ἀπειλὴν
806 2056 845 2122 η
895 2052 1008 2120 τῆς
1068 2054 1278 2120 Ἀσίας
1336 2055 1507 2124 μερίς
1532 2070 1545 2085 ·
1604 2054 1704 2109 καὶ
1765 2055 1832 2109 τὸ

251 2130 473 2210 sum,
508 2147 599 2201 ὅτι
648 2148 683 2202 δ
729 2146 874 2215 ἐμὸς
904 2145 1106 2215 πατὴρ
1158 2145 1458 2216 παρεδόθη
1504 2150 1593 2214 εἰς
1629 2148 1832 2217 χεῷας

251 2240 446 2296 αὐτοῦ
481 2241 564 2307 ὡς
588 2234 939 2314 στρουθιον.
960 2241 1082 2294 Οὐκ
1098 2239 1259 2296 ἄλλο
1285 2240 1495 2294 τοίνυν
1514 2237 1594 2311 ἦν
1630 2245 1696 2295 τὸ
1724 2260 1830 2296 και

254 2334 594 2388 τασισάσαν
656 2332 801 2400 τοὺς
855 2334 1092 2398 Σκύθας
1159 2333 1258 2388 καὶ
1310 2334 1548 2401 Πέρσας
1608 2337 1706 2389 καὶ
1763 2337 1829 2391 τὸ

256 2423 477 2479 λοιπὸν
524 2424 703 2489 ἔθνος
779 2426 850 2478 ἐν
914 2424 1041 2489 τοῖς
1096 2423 1406 2492 ἡμετέροις
1453 2427 1828 2496 σκηνώμασι,

255 2516 430 2580 πλὴν
482 2516 522 2581 η
575 2516 1058 2578 Κωνσταντίνου,
1116 2517 1215 2568 καὶ
1275 2516 1398 2570 σὺν
1448 2516 1603 2587 αὐτῇ
1654 2522 1706 2571 οἱ
1762 2521 1831 2572 ἐν

253 2610 445 2674 ταύτῃ
477 2608 937 2674 βασιλεύοντες.
974 2610 1202 2663 Ἐλθὼν
1246 2608 1360 2664 οὗν
1405 2614 1439 2664 ό
1483 2611 1625 2679 spec
1653 2612 1832 2666 ἀδελ-

255 2702 395 2771 φὸς,
429 2701 527 2755 καὶ
576 2702 904 2769 κυριεύσας
948 2702 1020 2756 τὰ
1064 2703 1313 2769 Θρακῷα
1355 2702 1526 2772 μέρη,
1570 2703 1669 2757 καὶ
1716 2703 1832 2771 τὴν

255 2796 599 2849 λείπουσαν
622 2793 761 2863 γῆν,
784 2793 866 2862 ἢν
893 2797 927 2847 ό
956 2795 1245 2863 ἡμέτερος
1290 2796 1553 2863 ἀδελφὸς
1584 2795 1829 2869 [πατὴρ]

255 2887 590 2953 exop/ever.
626 2889 698 2940 οὐ
727 2888 917 2950 μόνον
944 2886 1060 2955 τὴν
1087 2889 1237 2955 πρὸς
1266 2889 1332 2942 τὸ
1360 2888 1615 2954 πάτριον
1640 2890 1829 2955 σέϐας

250 2979 527 3046 στοργήν
554 2980 664 3033 οὐκ
694 2978 1039 3041 ἐνεδείξατο
1061 2994 1076 3011 ο
1106 2979 1268 3033 ἀλλὰ
1311 2978 1575 3048 μᾶλλον,
1605 2983 1657 3033 el
1708 2981 1827 3050 χρὴ

255 3063 480 3134 λέγειν,
505 3066 604 3120 καὶ
642 3066 734 3135 ἐφ’
761 3067 1013 3135 ἡμίσεος
1046 3067 1268 3135 καδοὺρ
1298 3068 1535 3137 ἐγένετο
1568 3071 1704 3139 (58).
1732 3072 1831 3124 Ἐν

256 3159 449 3224 τούτῳ
486 3158 585 3211 καὶ
628 3162 660 3211 ό
695 3159 833 3223 Θεὸς
884 3161 1072 3211 αὐτὸν
1123 3160 1541 3228 παραϐλέψας.
1577 3164 1666 3226 εἰς
1715 3163 1827 3228 τὴν
1857 3175 1901 3235 c

255 3247 415 3317 ἐμὴν
459 3248 627 3317 χεῖρα
673 3248 788 3315 τὴν
825 3250 1132 3327 ῥομφαίαν
1186 3249 1292 3302 τοῦ
1345 3252 1658 3318 προφήτου
1714 3252 1825 3323 (59)

250 3339 503 3404 δέδωκε,
554 3340 662 3394 τοῦ
710 3340 1112 3410 διχοτομῆσαι
1160 3343 1266 3395 τὸν
1305 3342 1583 3405 ἄπιστον,
1630 3346 1736 3397 τὸν
1763 3346 1831 3398 δὲ

256 3432 482 3485 πιστὸν
522 3431 922 3501 ὺπερυψῶσαι
987 3433 1087 3486 καὶ
1159 3434 1541 3488 ἀναϐιϐάσαι.
1608 3437 1831 3490 Ἕνεκα

257 3521 412 3591 γοῦν
434 3524 650 3578 τούτου
681 3526 754 3579 οὐ
795 3524 913 3592 χρὴ
958 3525 1271 3592 τοσαύτην
1298 3524 1415 3593 γῆν
1447 3526 1485 3593 ἡ
1516 3530 1829 3580 Κώνσταν-

256 3615 434 3668 τίνου
465 3615 915 3682 κληρώσασθαι,
947 3615 1093 3670 οὐδὲ
1141 3618 1352 3681 πόλεις
1396 3618 1829 3683 Μακεδονικὰς,

256 3706 574 3761 καὶταῦτα
602 3710 717 3776 τὴν
750 3711 1211 3775 Θεσσαλυνίκην
1238 3750 1252 3773 ,
1304 3708 1386 3777 ἣν
1435 3709 1533 3763 διὰ
1581 3711 1833 3765 πολλῶν

255 3799 519 3867 ἱδρώτων
556 3803 587 3854 ὀ
640 3800 786 3869 ἐμὸς
828 3800 1027 3870 πατὴρ
1061 3802 1452 3869 ἐκληρώσατο
1477 3840 1493 3864 ,
1540 3803 1638 3855 καὶ
1687 3803 1831 3868 τοὺς

249 3892 501 3958 ,ϐωμοὺς
527 3893 648 3947 τῶν
671 3894 935 3948 εἰδώλων
978 3898 1065 3961 etc
1106 3896 1230 3963 ιερὰ
1271 3894 1486 3962 τεμένη
1541 3894 1647 3948 τοῦ
1680 3894 1830 3949 Θεοῦ

254 3982 359 4036 καὶ
398 3983 507 4037 τοῦ
534 3985 846 4055 προφήτου
878 3986 1259 4054 μετέστησεν
1281 4002 1295 4016 ο
1328 3987 1489 4040 ἀλλὰ
1515 3985 1612 4039 καὶ
1636 3987 1833 4053 αὐτὴν

247 4072 374 4141 τὴν
419 4075 646 4144 μητέρα
709 4075 829 4129 τῶν
874 4078 1137 4136 πόλεων,
1166 4077 1263 4129 καὶ
1322 4079 1427 4129 τὸν
1481 4077 1673 4143 φονέα
1722 4076 1830 4129 τοῦ

246 4163 404 4233 ἐμοῦ
443 4168 684 4233 πατρὸς.
722 4170 771 4221 el
824 4165 946 4232 Θεῷ
978 4169 1236 4233 θελητόν
1262 4169 1413 4228 ἐστι,
1442 4167 1541 4219 διὰ
1572 4167 1829 4233 συνδρο-

244 4258 377 4329 μῆς
405 4258 553 4328 ἐμῆς
576 4261 870 4329 ἡμετέραν
898 4262 1261 4328 καταστήσω
1291 4280 1305 4293 ·
1333 4264 1427 4315 καὶ
1462 4264 1535 4316 τὰ
1562 4263 1633 4315 ἐν
1696 4260 1853 4330 αὐτῇ

1936 569 2133 625 σπάθη]
2192 578 2560 641 patraverant.
2613 568 3036 637 comprehensos
3097 568 3150 622 in
3218 568 3497 634 oppidum,

1937 663 2027 716 Ulli
2066 662 2282 718 occisus
2307 660 2505 724 fuerat,
2550 660 2740 714 misit:
2797 662 2929 715 etin
2963 678 3131 715 unum
3163 675 3501 718 convocatos

1936 772 2126 813 omnes
2159 754 2480 827 oppidanos,
2503 770 2625 810 cum
2668 755 2933 809 uxoribus
2957 766 3007 809 et
3036 756 3222 812 liberis
3253 757 3502 827 singulos

1937 850 2131 911 vinxit,
2154 861 2205 902 et
2238 850 2292 903 in
2329 850 2561 919 singulis
2599 849 2832 917 tuguriis
2868 850 3135 903 conclusit
3169 868 3182 913 ;
3218 850 3498 905 immisso-

1934 956 2041 1007 que
2067 940 2191 1010 igne
2226 941 2379 996 liberi
2409 958 2531 996 cum
2565 942 2885 1011 parentibus
2921 942 3301 1011 cognatisque,
3341 954 3500 1011 lugu-

1936 1035 2014 1089 ria
2064 1037 2281 1095 etiam-
2316 1045 2598 1103 tutumque
2665 1036 2923 1103 oppidum
2949 1034 3307 1106 conflagrant,
3346 1048 3399 1092 et
3440 1041 3494 1094 in

1934 1129 2145 1182 cineres
2200 1137 2515 1181 vertuntur.
2569 1126 2685 1179 Tali
2746 1128 3012 1195 supplicio
3049 1129 3380 1185 inhumanus
3411 1133 3497 1185 ille

1936 1221 1987 1273 in
2043 1220 2291 1275 homines
2358 1221 2762 1283 animadvertit,
2828 1222 3095 1289 primitias
3136 1239 3197 1276 ac
3222 1224 3495 1293 specimen

1936 1311 2200 1365 malorum
2236 1312 2631 1381 scelerumque,
2669 1327 2906 1382 quorum
2936 1326 3130 1366 auctor
3158 1317 3498 1383 temporibus

1934 1404 2049 1458 suis
2132 1409 2346 1458 futurus
2419 1415 2555 1467 erat,
2635 1407 2919 1459 exhibens.
3002 1405 3110 1476 50
3171 1407 3499 1465 Convm-atis

1934 1496 2128 1549 deinde
2183 1495 2452 1559 Thracia,
2508 1496 2833 1551 Macedonia:
2880 1500 3225 1570 aliarumque
3279 1507 3501 1573 provin-

1934 1590 2140 1641 ciarum
2170 1589 2505 1656 proceribus,
2535 1589 2625 1655 qui
2654 1589 2719 1641 ad
2750 1604 2872 1642 eum
2896 1595 3264 1647 venerandum
3301 1610 3500 1649 conve-

1935 1692 2154 1743 nerant,
2215 1685 2463 1737 oratione
2524 1683 2699 1737 habita
2758 1684 2883 1738 talia
2938 1686 3502 1747 locutusest:0viri

1932 1775 2103 1843 patris
2158 1776 2259 1828 mei
2300 1778 2475 1842 amici,
2538 1793 2702 1846 neque
2719 1779 2854 1830 enim
2889 1794 3061 1832 servos
3089 1782 3315 1849 appello,
3344 1785 3501 1850 probe

1934 1866 2152 1921 novistis
2177 1878 2374 1935 quanto
2406 1884 2523 1920 eum
2549 1869 2767 1921 horrore
2791 1870 2919 1923 Asia
2959 1872 3027 1923 atl
3061 1870 3294 1941 Temyris
3331 1876 3499 1931 minas

1934 1961 2281 2031 trepidaverit
2308 1977 2327 2015 :
2372 1970 2526 2029 atque
2557 1963 2742 2023 etiam,
2771 1963 2911 2031 quod
2934 1966 3142 2030 gravius
3169 1978 3268 2027 est,
3299 1977 3501 2032 patrem

1933 2068 2105 2105 meum
2130 2052 2184 2104 in
2215 2069 2402 2106 manus
2450 2052 2594 2106 illius
2629 2054 2765 2105 velut
2787 2069 3053 2117 passerem
3090 2058 3343 2110 traditum
3365 2075 3497 2115 esse.

1937 2142 2062 2197 Non
2084 2143 2223 2197 alius
2260 2153 2458 2207 tamen,
2494 2156 2685 2211 pra'ter
2724 2143 3246 2215 ConstantinOpolim
3282 2149 3501 2222 ejusque

1932 2236 2329 2305 imperatorem,
2383 2238 2654 2290 accersivit
2713 2236 2937 2307 Scythas
2998 2251 3046 2294 et
3092 2239 3309 2307 Persas,
3344 2254 3501 2298 cate-

1933 2345 2122 2391 rasque
2170 2342 2343 2400 gemes
2378 2331 2435 2383 in
2484 2331 2717 2399 patriam
2770 2342 3008 2386 nostram
3051 2339 3306 2391 evocavit.
3364 2338 3499 2394 Cum

1931 2437 2050 2474 vero
2075 2422 2241 2490 frater
2263 2439 2431 2486 meus,
2456 2423 2545 2491 qui
2572 2421 2811 2477 Thracia
2840 2428 3147 2497 ceterisque
3174 2431 3497 2499 regionibus,

1933 2530 2065 2584 quas
2138 2523 2288 2581 pater
2348 2515 2650 2584 possederat
2714 2518 3115 2585 dominabatur,
3168 2538 3272 2574 non
3329 2525 3499 2577 solum

1932 2606 2319 2658 venerationem
2348 2623 2412 2659 ac
2444 2608 2691 2675 pietatem
2726 2611 2916 2677 patria:
2961 2612 3193 2665 debitam
3221 2631 3325 2667 non
3356 2616 3502 2668 exhi-

1934 2699 2104 2750 buerit
2127 2712 2147 2750 :
2176 2700 2303 2767 quin
2336 2702 2533 2767 potius,
2571 2701 2618 2753 si
2650 2703 2723 2753 ita
2755 2701 2866 2769 fari
2908 2704 3053 2765 licet,
3085 2720 3297 2769 cavour,
3345 2709 3399 2760 id
3424 2717 3502 2762 est

1933 2788 2180 2853 inﬁdelis,
2242 2806 2307 2843 ex
2342 2793 2552 2843 semisse
2582 2791 2756 2859 factus
2782 2802 2897 2845 est:
2932 2805 3207 2863 eapropter
3263 2796 3403 2853 Deus
3436 2802 3501 2852 il—

1932 2879 2040 2932 lum
2091 2892 2389 2942 aversatus.
2418 2884 2472 2934 in
2532 2900 2745 2936 manum
2800 2884 3036 2938 lanceam
3087 2890 3353 2953 prop/tetri:
3375 2892 3502 2945 mitti

1934 2968 2181 3033 tradidit,
2218 2980 2272 3021 ut
2309 2971 2574 3038 inﬁdelem
2606 2972 2907 3026 discindam
2933 3014 2947 3038 ,
2980 2975 3187 3042 ﬁdelem
3215 2996 3330 3032 i-ero
3354 2982 3504 3033 exulo

1933 3068 2037 3111 tem
2077 3069 2125 3111 et
2164 3060 2449 3112 honoribus
2480 3060 2753 3113 extollam.
2786 3062 3072 3131 Propterea
3102 3082 3206 3121 non
3265 3072 3501 3123 convenit

1934 3151 2443 3213 Canstantinbpolint
2486 3161 2592 3205 tam
2628 3155 2733 3206 late
2771 3155 3049 3223 imperare,
3084 3171 3175 3212 aut
3202 3160 3353 3212 urbes
3379 3161 3501 3215 bla-

1930 3246 2230 3307 cedonicas,
2286 3247 2546 3312 imprimis
2611 3263 2729 3300 vero
2781 3246 3199 3303 Thessalonicam
3230 3254 3499 3329 retiner‘,

1927 3352 2083 3405 quam
2118 3346 2190 3389 tot
2217 3336 2488 3389 laboribus
2519 3349 2566 3391 et
2601 3343 2843 3393 arumnis
2873 3357 3060 3407 parens
3102 3360 3245 3397 meus
3281 3350 3501 3414 conqui-

1927 3428 2114 3490 sierat,
2135 3426 2496 3497 idolorumque
2520 3430 2716 3482 altaria
2739 3431 2791 3483 in
2820 3448 2973 3484 sacra
3000 3432 3116 3494 Dei.
3136 3436 3350 3501 ejusque
3372 3453 3497 3504 prov

1927 3521 2095 3584 phettv
2149 3521 2345 3587 templa
2373 3533 2825 3577 commutaverat:
2860 3535 3018 3595 atque
3062 3530 3233 3594 ipsam
3274 3541 3499 3585 uetera-

1931 3627 2116 3664 rarum
2156 3612 2368 3664 urbium
2421 3625 2599 3678 caput,
2633 3616 2906 3685 patrisque
2934 3619 3035 3670 mei
3067 3620 3413 3687 homicidam,
3449 3626 3499 3679 si

1930 3703 2040 3756 Deo
2060 3704 2138 3756 ita
2168 3705 2448 3772 placuerit,
2479 3707 2622 3773 operi
2657 3711 2894 3773 gnaviter
2927 3711 3245 3773 incumbens,
3280 3715 3497 3779 imperio

1931 3810 2041 3846 meo
2100 3795 2405 3848 submittam
2428 3834 2444 3859 ,
2481 3805 2533 3849 et
2560 3796 2771 3866 templa,
2806 3815 2922 3869 qua:
2972 3801 3028 3853 in
3054 3802 3150 3855 illa
3198 3803 3323 3858 urbe
3351 3816 3497 3861 stant

1931 3891 2038 3943 Deo
2080 3900 2129 3944 et
2159 3895 2424 3959 propheta
2472 3891 2586 3960 ejus
2644 3903 2952 3949 consecrata
3014 3897 3194 3951 domos
3235 3902 3497 3956 orationis

1930 3983 2269 4037 constituam.
2313 3981 2409 4047 Bis
2433 3983 2590 4038 dictis
2632 4000 2823 4040 omnes
2856 3985 3051 4042 faustis
3081 3989 3497 4046 acclamationi-

1932 4076 2032 4129 bus
2088 4077 2497 4145 applauseruut,
2558 4079 2833 4149 verbaque
2883 4080 3026 4150 ejus,
3093 4098 3203 4137 non
3247 4100 3406 4142 secus
3432 4102 3497 4142 ac

1931 4166 2047 4229 Dei.
2086 4170 2308 4222 auribus
2341 4171 2664 4225 hauserunt.

1926 4264 2143 4329 τεμένη
2194 4266 2304 4318 τοῦ
2377 4266 2527 4319 Θεοῦ
2580 4266 2677 4321 καὶ
2737 4267 2844 4322 τοῦ
2898 4271 3211 4339 προφήτου
3270 4279 3500 4332 τελέσω

253 4357 604 4427 προσευχῆς
637 4358 868 4423 οἴκους.
908 4358 1041 4411 Τότε
1067 4360 1117 4410 οι
1156 4359 1356 4420 πάντες
1380 4358 1714 4427 εὐφήμισαν,
1774 4360 1868 4411 καὶ
1934 4360 2009 4421 ὡς
2064 4360 2212 4429 παρὰ
2261 4360 2395 4413 Θεοῦ
2423 4364 2549 4423 τοὺς
2616 4365 2849 4432 μιαροὺς
2902 4365 3069 4417 αὑτοῦ
3129 4368 3316 4436 λόγους
3380 4374 3496 4426 ἑδέ-

254 4454 438 4519 ξαντο.

344 4549 627 4617 Ἀοροίσας
674 4545 769 4603 οὖν
816 4551 1049 4620 στρατὸν
1103 4548 1315 4611 εκανδν,
1361 4551 1579 4617 πρῶτον
1634 4552 1733 4619 μὲν
1762 4553 1818 4603 ὲν

1998 4549 2204 4619 lugenti
2235 4548 2418 4618 itaque
2467 4549 2781 4617 conscripto
2811 4550 3049 4604 exercitu
3089 4553 3334 4609 Serviani
3382 4562 3495 4627 pri-

254 4641 458 4711 Σερὸίᾳ
494 4640 837 4710 κατέδραμεν
880 4639 995 4709 (60)
1044 4638 1273 4707 (ἔφθασε
1325 4640 1435 4708 γὰρ
1483 4640 1510 4691 ὀ
1558 4640 1824 4708 δεσπότης

1935 4659 2082 4698 mum
2132 4641 2337 4695 invadit
2362 4644 2544 4711 (quam
2602 4642 2851 4709 equidem
2884 4642 3191 4713 Stephanus
3223 4647 3412 4705 Laeati
3440 4654 3500 4707 li-

1445 4757 1735 4818 lsmaelis
1767 4756 2069 4818 Bullialdi
2109 4764 2301 4819 notae.

250 4919 271 4932 ,
330 4863 442 4931 (58)
491 4861 1001 4933 Καόοὺρέγένετο.
1040 4861 1282 4916 Gaurnm
1314 4872 1368 4916 et
1395 4861 1607 4916 Gauros
1630 4862 1823 4933 scribit

1933 4873 2011 4916 tos
2054 4863 2120 4917 18
2147 4863 2353 4932 longus,
2396 4873 2443 4916 et
2484 4864 2622 4916 Alim
2658 4879 2716 4914 eo
2767 4872 2952 4917 contra
3002 4863 3204 4921 Cauros
3242 4875 3493 4933 utentem,

253 4929 617 5003 Leuuclavius
655 4947 670 4986 :
725 4929 887 4985 Turci
950 4930 1178 4996 Giaour,
1220 4933 1572 5003 dissyllabum
1617 4932 1818 4986 Gallica

255 5001 701 5071 pronuntiatione
735 5019 747 5054 :
777 5006 998 5055 verbum
1040 5001 1492 5056 contumeliosum
1536 5011 1643 5064 est,
1677 5004 1820 5072 quod

250 5073 519 5139 inﬁdelem
580 5072 870 5138 significat.
923 5072 1099 5126 Moses
1161 5088 1327 5140 porro
1374 5072 1598 5126 fratrem
1660 5087 1820 5126 suum

257 5141 1075 5211 MusulmanumGaurumseu.
1115 5143 1393 5197 iutldelem
1449 5142 1703 5211 appellat,
1753 5143 1822 5196 ob

249 5213 437 5268 {tellus
467 5227 590 5267 cum
627 5213 957 5279 imperatore
1007 5210 1259 5266 Manuale
1288 5215 1357 5267 ab
1383 5228 1447 5267 eo
1488 5210 1819 5282 percussum

247 5283 578 5345 obsidesque
604 5281 827 5335 fratrem
858 5296 921 5335 ac
948 5296 1193 5336 sororem
1216 5283 1391 5338 datos.

324 5353 436 5423 (59)
470 5352 586 5419 Τὴν
600 5354 911 5423 ῥομφαίαν
929 5352 1031 5405 τοῦ
1056 5353 1386 5421 προφήτου.
1417 5353 1490 5409 De
1518 5354 1668 5409 Halis
1695 5357 1810 5410 aci-

250 5422 392 5478 nace
424 5424 511 5477 hic
546 5422 1121 5492 locusintclligendus
1166 5437 1249 5476 est
1280 5440 1293 5475 :
1319 5428 1383 5477 tle
1442 5440 1551 5492 quo
1586 5424 1814 5479 Leuucl.

251 5493 400 5555 Hist,
438 5492 637 5547 Nusul.
670 5491 762 5544 lib.
794 5506 831 5553 ι,
864 5506 929 5545 ex
958 5493 1198 5545 Arabum
1239 5505 1292 5546 et
1341 5491 1644 5549 TurCorum
1702 5513 1820 5549 mo-

250 5564 531 5618 numentis
558 5564 637 5617 sic
661 5561 885 5614 disserit
926 5582 938 5614 :
974 5561 1107 5615 Hinc
1157 5563 1265 5615 illa:
1317 5562 1816 5619 Muhametanorum

254 5633 469 5704 {abellc
494 5633 556 5685 de
574 5632 719 5685 illius
752 5630 1015 5685 Sullicare
1043 5634 1157 5699 (sic
1178 5633 1291 5687 Alis
1332 5636 1602 5688 acinacem
1650 5636 1816 5688 nomi-

250 5703 383 5758 nare
401 5703 798 5774 consueverunt)
830 5717 981 5774 quem
1007 5715 1227 5755 narrant
1249 5706 1454 5772 quoties
1478 5707 1664 5774 vagina
1688 5706 1817 5759 edu-

249 5785 481 5838 ceretur,
512 5774 587 5826 ita
612 5788 667 5827 se
697 5772 963 5836 divisisse,
998 5782 1054 5825 ut
1083 5775 1321 5843 geminus
1336 5772 1643 5844 miseretur,
1673 5777 1821 5830 cubi-

1926 4941 1989 4990 ab
2029 4947 2247 5001 utroque
2274 4935 2437 4986 latere
2475 4951 2575 4986 non
2609 4934 2764 4986 aliter
2794 4936 2931 4996 ipsos
2979 4952 3041 4987 ac
3076 4947 3298 5004 segetem
3359 4955 3495 4992 mes-

1923 5021 2066 5061 sores
2100 5015 2424 5070 prosternere
2453 5004 2688 5062 solitum,
2728 5021 2787 5054 ac
2813 5016 3011 5059 montes
3045 5008 3202 5058 etiam
3258 5024 3347 5061 seu
3379 5025 3493 5061 sco-

1922 5076 2159 5146 pulosreo
2189 5076 2518 5146 dissecuisse.
2553 5073 2667 5146 Mos
2693 5075 2926 5127 indidem
2950 5076 3182 5140 inolevit,
3218 5088 3274 5128 nt
3321 5079 3373 5131 in
3398 5080 3498 5130 mi-

1924 5144 2168 5200 litaribus
2209 5146 2368 5213 signis
2396 5144 2857 5197 Musulmanorum
2883 5147 2967 5198 hic
2999 5148 3112 5199 Alis
3135 5148 3349 5209 acinax,
3387 5165 3493 5202 sive

1925 5216 2178 5275 Sulticar,
2217 5218 2352 5267 velut
2378 5216 2746 5282 inauspicata:
2770 5213 3111 5280 Christianis,
3175 5218 3382 5285 faustus
3417 5220 3496 5285 ip:

1923 5288 1995 5340 sis
2025 5285 2374 5353 exprimatur,
2408 5296 2510 5338 etc.
2558 5287 2611 5336 lu
2672 5287 3181 5350 superliminarihus
3237 5305 3498 5353 quarum-

1921 5357 2045 5409 dam
2086 5355 2280 5408 aedium
2318 5357 2655 5423 publicarum
2690 5357 3185 5424 litotistautinopuli,
3218 5358 3320 5411 hoc
3346 5360 3497 5412 sulti-

1921 5443 2014 5480 car
2046 5440 2362 5492 expressum
2406 5426 2551 5496 biligli
2585 5425 2735 5496 ensis
2772 5427 2936 5494 figura
2982 5428 3111 5487 νιιιί,
3149 5437 3199 5479 et
3250 5429 3489 5496 gladium

1922 5496 2073 5559 Halis
2112 5496 2372 5563 appellari
2407 5500 2473 5547 ah
2504 5495 2696 5547 incolis
2726 5497 2905 5547 audivi
2933 5514 2944 5549 :
2982 5496 3083 5551 hoc
3106 5495 3490 5566 μορμολυκείῳ

1920 5568 1973 5621 et
2047 5566 2510 5639 terriculamenta
2570 5580 2831 5639 pavorem
2888 5566 3217 5622 Christianis
3272 5568 3495 5639 iuji_cet'c

1921 5638 2295 5706 gensivirihus
2327 5637 2666 5706 suisnitnum
2698 5638 2898 5689 etmlisa
2957 5641 3149 5690 credit.

1994 5705 2105 5775 (60)
2136 5705 2375 5773 Πρῶτον
2389 5704 2505 5774 μὲν
2523 5706 2591 5757 ὲν
2636 5706 2845 5772 Σερείςι
2869 5707 3251 5774 κατέδραμεν.
3280 5708 3498 5763 Adeun-

1928 5777 2030 5833 dus
2048 5775 2409 5832 Leunelavius
2427 5776 2523 5831 lib.
2550 5792 2586 5830 ιι
2608 5775 2814 5831 Histor.
2841 5775 3091 5832 Musulat.
3112 5780 3152 5830 Δ
3175 5777 3496 5835 Multamcde
