4200 6454
173 443 289 506 869

1356 446 1730 507 HISTORIA
1773 447 2221 506 BYZANTINA.

3316 445 3421 512 870

169 567 441 620 ἄσπονδον
476 567 698 635 ἔχθραν,
740 565 936 636 μηνύει
973 566 1051 634 τῷ
1087 568 1384 637 Μαχουμὲτ
1430 570 1504 636 τῷ
1541 567 1743 638 ἁδελφᾷ

1784 572 1831 630 Α
1865 581 1996 620 num
2049 567 2312 619 advetsus
2365 565 2706 619 Christianos
2763 566 2888 622 odio
2945 565 3271 637 implacabili
3297 584 3418 622 eum

170 660 342 712 αὐτοῦ
374 660 453 713 ἔτι
494 661 699 727 διάγων
728 663 784 713 ὲν
818 661 1064 729 Προύσῃ,
1098 662 1157 712 τὸ
1185 662 1361 714 ἐλθεῖν
1388 664 1465 723 εἰς
1489 663 1550 714 τὸ
1581 664 1750 714 Σκου-

167 750 366 819 τάριον
390 766 405 782 ⁸
446 751 538 803 καὶ
564 755 591 805 6
627 752 885 819 βασιλεὺς
925 754 1023 805 σὺν
1056 755 1306 825 τριήρεσι
1355 755 1659 808 διαϐιϐάσει
1691 757 1750 806 ὲν

167 845 241 913 τῇ
297 841 891 897 Κωνσταντινουπόλει.
952 845 1084 898 Ἀπὸ
1132 847 1189 899 δὲ
1237 848 1752 900 Κωνσταντινουπὸ-

170 933 313 997 λεως
356 936 582 1006 βοηθείᾳ
613 934 751 988 Θεοῦ
800 938 892 989 καὶ
931 936 1025 990 τοῦ
1079 938 1340 1008 βασιλέως
1393 937 1750 1007 ἐξερχόμενος

170 1031 639 1100 συμπλακήσεται
671 1033 748 1102 τῷ
775 1034 1044 1104 τυράννῳ.
1076 1034 1185 1086 Καὶ
1216 1035 1263 1084 εί
1299 1033 1396 1101 μὲν
1437 1033 1494 1084 τὸ
1525 1035 1624 1101 τῆς
1657 1034 1750 1085 τύ-

168 1138 275 1188 χης
306 1121 396 1173 ἐπὶ
437 1123 527 1174 τὸν
556 1122 822 1193 τύραννον
861 1126 1038 1195 ῥέψει,
1071 1127 1101 1194 ἡ
1142 1124 1296 1186 πόλις
1333 1125 1568 1178 πάντοτε
1601 1125 1744 1177 ἓτοι-

172 1229 276 1278 μος
307 1213 459 1267 ἔσται
492 1215 572 1277 είς
604 1216 873 1284 ὑποδοχὴν
907 1217 1073 1268 αὑτοῦ
1103 1230 1119 1247 ⁸
1159 1217 1225 1271 El
1256 1217 1324 1270 δὲ
1353 1219 1741 1283 τούναντίον,

166 1305 203 1356 ὃ
226 1306 324 1358 καὶ
346 1307 713 1376 ἐπιθυμητὸν
737 1308 880 1376 ἡμῖν
900 1310 1052 1371 ἐστι,
1071 1309 1179 1379 τῆς
1202 1311 1520 1380 ἡγεμονίας
1543 1311 1749 1380 ἐγκρα-

165 1395 281 1462 τὴς
316 1399 568 1467 γενήσῃ,
601 1400 700 1452 καὶ
734 1402 813 1466 ὠς
841 1403 985 1468 ἐμὸς
1013 1403 1144 1468 υίὸς
1172 1403 1309 1470 ἐστι.
1351 1405 1409 1455 '0
1439 1403 1496 1456 δὲ
1531 1405 1748 1472 Maxw-

171 1492 276 1559 μὲτ
328 1490 569 1552 ἀκούσας
618 1497 746 1554 τοὺς
806 1495 996 1559 λόγους
1044 1494 1286 1558 τούτους,
1339 1497 1432 1546 καὶ
1467 1495 1748 1563 πρόθυμος

167 1583 484 1649 γενόμενος,
517 1582 813 1651 προθύμως
852 1586 932 1646 εἰς
959 1586 1018 1637 τὸ
1049 1587 1381 1655 Σκουτάριον
1412 1587 1609 1656 ῆλαυνε
1639 1591 1745 1638 πά-

168 1691 274 1736 σας
302 1675 402 1736 τὰς
434 1675 598 1727 αὑτοῦ
626 1675 910 1743 δυνάμεις.
956 1675 1012 1730 '0
1047 1678 1102 1729 δὲ
1153 1677 1410 1744 βασιλεὺς
1451 1679 1637 1747 μαθὼν
1663 1681 1747 1732 ὅτι

162 1761 337 1835 ἦλθεν
399 1770 476 1829 είς
523 1769 583 1821 τὸ
636 1769 835 1840 πέραν,
863 1770 961 1834 τὰς
1009 1773 1252 1841 τριήρεις
1314 1773 1565 1840 ἑτοίμους
1611 1774 1747 1842 ἔχων

164 1860 341 1928 περᾷ,
376 1859 470 1911 καὶ
496 1861 569 1928 τῷ
601 1861 899 1930 Μαχουμὲτ
937 1863 1196 1932 ἐντυχὼν,
1251 1867 1346 1919 καὶ
1377 1866 1568 1932 λόγους
1596 1870 1746 1937 ἐνόρ-

163 1967 302 2012 κους
328 1951 506 2003 λαῦὼν
543 1954 636 2005 καὶ
667 1954 813 2018 δοὺς,
841 1956 986 2023 περᾷ
1018 1955 1108 2006 τὸν
1139 1955 1441 2024 Μαχουμὲτ
1474 1961 1570 2012 σὺν
1598 1959 1748 2028 αὐτῷ

165 2043 251 2103 είς
283 2044 874 2098 Κωνσταντινούπολιν.
915 2047 1024 2098 Καὶ
1062 2047 1308 2115 μεγάλην
1351 2049 1660 2119 πανήγυριν
1692 2051 1748 2100 ἐν

164 2135 233 2202 τῇ
298 2133 487 2202 εἰσόδῳ
526 2137 760 2204 ποιήσας
814 2136 841 2186 6
893 2136 1149 2205 βασιλεὺς
1202 2140 1353 2207 τρεῖς
1391 2141 1625 2210 ἡμέρας,
1678 2143 1746 2210 τῇ

165 2225 411 2297 τετάρτῃ
451 2225 619 2290 ἔξεισι
651 2228 752 2296 τῆς
790 2228 995 2290 πόλεως
1027 2231 1054 2281 6
1084 2231 1339 2298 Μεχεμὲτ
1374 2233 1472 2284 σὺν
1503 2233 1652 2301 πάσῃ
1680 2235 1746 2302 τῇ

165 2321 404 2389 στρατιᾷ
451 2319 617 2373 αὑτοῦ
669 2321 764 2374 καὶ
800 2322 896 2374 σὺν
939 2322 1144 2389 ὀλίγοις
1197 2324 1559 2390 στρατιώταις
1611 2325 1746 2380 Ῥωι

168 2410 355 2478 μαίοις
379 2427 392 2440 ο
420 2411 514 2462 καὶ
547 2411 827 2479 συμμίξας
861 2412 936 2479 τῷ
966 2414 1139 2483 Μωσῇ
1175 2415 1409 2485 ἡττήθη,
1449 2416 1547 2469 καὶ
1582 2418 1748 2486 ἡττη-

163 2502 284 2563 est;
328 2503 639 2570 κατέφυγεν
667 2505 725 2554 ἐν
761 2506 841 2573 ,τῇ
874 2504 1048 2558 πόλει.
1091 2505 1150 2557 'O
1179 2506 1234 2558 δὲ
1284 2506 1542 2576 βασιλεὺς
1588 2509 1747 2577 θερα-

165 2593 376 2656 πεύσας
397 2595 561 2646 αὐτὸν
587 2595 673 2647 διὰ
702 2595 876 2662 λόγων
901 2597 1256 2664 σοφιστικῶν,
1283 2600 1375 2651 καὶ
1401 2602 1745 2671 πραγμάτων

166 2688 582 2756 στρατιωτικῶν
613 2681 686 2741 ὧν
737 2687 1044 2753 ἀπώλεσεν,
1089 2693 1406 2759 ἐπεμελεῖτο
1448 2693 1612 2746 πάλιν
1649 2694 1744 2747 τοῦ

163 2777 406 2841 ἐξελθεῖν
444 2778 506 2830 ἐκ
553 2778 833 2847 δευτέρου,
872 2782 963 2832 καὶ
1008 2785 1397 2850 συμπλακῆναι
1432 2783 1508 2852 τῷ
1549 2786 1743 2854 Μωσῇ.

176 2869 238 2923 '0
280 2872 335 2922 δὲ
374 2872 579 2940 Μωσῆς
612 2871 844 2936 ἐξελθὼν
875 2873 938 2924 ὲκ
977 2875 1083 2926 τῶν
1105 2875 1269 2944 ὁρίων
1303 2877 1744 2932 Κωνσταντινου-

169 2961 408 3027 πόλεως,
439 2962 578 3031 ἔχων
609 2965 788 3018 πάντα
817 2965 906 3018 τὸν
937 2966 1153 3018 δυτικὸν
1184 2970 1414 3037 στρατὸν
1451 2970 1546 3022 σὺν
1574 2973 1740 3040 αὐτῷ,

168 3055 624 3124 παρεσκευάζετο
654 3058 794 3109 κατὰ
827 3057 920 3110 τοῦ
957 3060 1210 3129 Μεχεμὲτ
1252 3062 1341 3114 καὶ
1377 3063 1476 3132 τῆς
1510 3066 1740 3130 πόλεως.

181 3145 449 3212 Ἐξελθὼν
483 3147 540 3200 δὲ
584 3149 748 3202 πάλιν
787 3151 852 3201 ἐκ
882 3138 1139 3220 δευτέρου
1175 3155 1202 3204 6
1231 3155 1484 3224 Μεχεμὲτ
1517 3160 1614 3209 καὶ
1640 3160 1743 3210 πά-

1858 672 2069 725 gerere,
2132 654 2494 709 Mahmnetem
2541 654 2759 708 fratrem
2822 657 2995 725 ipsius
3056 655 3242 712 Prusae
3295 667 3424 712 tunc

1858 749 2331 816 adhucdegentem
2363 756 2565 812 monet,
2607 756 2664 800 ut
2688 746 2994 802 Scutarium
3013 751 3256 815 accedat,
3280 751 3425 804 unde

1858 838 2390 908 ConstantinOpolnn
2441 837 2758 890 triremibus
2814 835 3180 903 imperatoriis
3200 840 3422 908 trajice-

1858 943 1992 996 ret;
2050 933 2524 1000 Constantinopoli
2595 932 2790 986 deinde
2850 930 3159 986 faventibus
3215 931 3326 986 Deo
3357 948 3421 987 ac

1856 1025 2190 1095 imperatore
2225 1042 2478 1096 egressus
2515 1041 2692 1096 pugna
2719 1033 2841 1079 cum
2882 1037 3112 1094 tyranno
3144 1028 3420 1090 experire-

1857 1127 1976 1172 tur:
2015 1119 2088 1172 ita
2135 1129 2193 1171 ut
2216 1118 2315 1186 ipsi
2347 1120 2477 1170 urbs
2503 1118 2568 1169 ad
2604 1128 2719 1171 tute
2751 1134 2807 1170 se
2831 1117 3200 1185 recipiendum
3225 1128 3420 1185 pateat,

1855 1211 1900 1264 si
1927 1221 2160 1279 tyranno
2190 1209 2409 1262 fortuna
2452 1209 2735 1261 arriserit:
2790 1207 2882 1262 Sin
2916 1211 3087 1261 minus
3116 1210 3172 1262 id
3188 1210 3422 1278 contige-

1854 1303 1924 1353 rit
2004 1302 2160 1367 (quod
2212 1302 2439 1368 impense
2488 1301 2634 1353 nobis
2670 1303 3004 1370 optandum),
3063 1303 3422 1369 principatum

1857 1395 2185 1460 adipisceris,
2231 1406 2279 1448 et
2302 1395 2448 1458 mihi,
2476 1410 2579 1447 non
2603 1410 2746 1447 secus
2773 1411 2833 1447 ac
2866 1395 3032 1454 liberi,
3068 1396 3257 1448 chorus
3291 1397 3416 1449 eris.

1853 1487 1951 1540 His
1977 1489 2176 1543 auditis
2216 1489 2393 1542 alacer
2439 1499 2836 1556 promptusque
2862 1487 3037 1540 factus
3064 1486 3417 1550 Mahometes,

1855 1589 2211 1644 quascunque
2243 1575 2432 1644 copias
2468 1576 2723 1639 habebat,
2759 1575 3076 1628 Seutaiiutn
3130 1575 3416 1629 confestim

1856 1668 2030 1720 duxit.
2063 1667 2363 1735 Imperator
2397 1682 2546 1733 ergo,
2585 1668 2882 1720 ubieum'a
2908 1668 3145 1721 tvenisse
3169 1669 3232 1720 ad
3264 1683 3416 1721 Otum

1855 1760 2158 1826 oppositam
2193 1759 2408 1820 didicit,
2442 1760 2782 1821 triremibus,
2822 1775 2960 1825 quas
2986 1761 3285 1814 instructas
3319 1762 3419 1812 ha-

1857 1851 2043 1914 bebat,
2105 1864 2171 1904 eo
2206 1849 2444 1918 trajicit;
2476 1859 2531 1903 et
2580 1865 2700 1902 eum
2743 1850 3045 1905 Mahomete
3091 1852 3415 1918 collocutus,

1784 1932 2048 1995 Bmutuo
2083 1942 2440 2010 jurejurando
2498 1942 2600 1995 lide
2654 1941 2933 2010 utrimque
2980 1944 3263 2003 obstricta,
3292 1960 3415 1998 eum

1851 2036 2382 2104 Constantinopolim
2419 2051 2600 2089 secum
2656 2037 2824 2089 vehit.
2880 2035 3179 2106 Exceptum
3215 2038 3415 2090 celebri

1851 2143 2046 2196 pompa
2077 2129 2242 2181 tridui
2285 2127 2460 2196 spatio
2491 2127 2781 2195 magniﬁce
2823 2128 3017 2180 habuit
3049 2144 3063 2181 :
3103 2137 3298 2196 quarto
3327 2132 3420 2183 de-

1853 2233 1996 2272 mum
2026 2219 2113 2271 die
2160 2216 2494 2270 llahometes
2529 2221 2662 2271 urbe
2697 2217 2972 2285 egreditur
2999 2234 3124 2273 cum
3166 2219 3401 2273 universi

1850 2311 2090 2364 exercitu
2138 2321 2191 2364 et
2232 2325 2395 2379 parva
2434 2327 2596 2364 manu
2630 2312 2862 2364 militqu
2909 2311 3417 2366 Romaeoruntzini-

1849 2411 2012 2467 taque
2043 2401 2147 2472 52
2179 2418 2298 2455 cmn
2343 2401 2492 2456 Mose
2531 2418 2713 2470 pugna
2754 2403 2930 2457 victus
2987 2404 3037 2455 iu
3073 2404 3262 2457 urbem
3292 2406 3414 2473 fuga

1848 2509 1908 2547 se
1942 2497 2173 2563 recepit.
2224 2495 2363 2548 Tum
2425 2498 2723 2563 imperator
2756 2497 2998 2549 animum
3033 2497 3178 2551 illius
3208 2513 3414 2551 sermo-

1849 2588 2011 2642 nibus
2030 2596 2174 2658 aptts
2203 2593 2379 2643 erexit
2407 2606 2421 2654 ;
2459 2592 2778 2659 curavitque
2808 2599 3130 2669 apparatum
3162 2592 3413 2645 bellicum

1849 2681 2046 2735 iterum
2097 2683 2412 2743 instaurari,
2463 2691 2516 2735 et
2575 2684 2775 2736 amissa
2835 2685 3108 2747 resarciri,
3173 2695 3230 2737 ut
3290 2699 3413 2738 cum

1849 2773 1995 2826 Mose
2034 2773 2151 2826 acie
2203 2775 2381 2826 denuo
2431 2771 2766 2841 conﬂigeret.
2808 2771 2876 2826 At
2903 2772 3078 2827 Moses
3118 2790 3182 2827 ex
3219 2776 3418 2828 finibus

1847 2864 2475 2930 Cuttstantinopolitauis
2507 2864 2864 2918 occiduarum
2913 2866 3194 2933 regionum
3226 2879 3416 2917 omnes

1845 2957 2034 3022 copias
2073 2955 2320 3020 deduxit,
2353 2956 2638 3022 aciemque
2665 2957 2930 3009 adversus
2975 2965 3029 3009 et
3057 2955 3412 3009 Mahouwtem

1845 3058 1900 3100 et
1926 3047 2112 3101 urbem
2173 3048 2456 3101 instruxit.
2512 3049 2692 3102 Altera
2737 3048 2900 3115 igitur
2945 3049 3062 3102 vice
3119 3064 3417 3116 erumpens

1846 3138 2200 3203 Mahometes,
2255 3155 2472 3209 accepta
2514 3143 2707 3193 iterum
2745 3142 2896 3194 clade
2936 3142 2988 3194 iu
3027 3144 3214 3196 urbem
3272 3144 3417 3198 refu-

165 3239 254 3291 λιν
309 3239 539 3310 ἡττήθη,
574 3242 670 3293 καὶ
699 3241 862 3295 πάλιν
907 3245 962 3294 ὲν
995 3247 1059 3312 τῇ
1119 3245 1269 3297 πόλει
1303 3248 1606 3316 κατέφυγε,
1651 3253 1743 3302 καὶ

1784 3261 1814 3324 3
1848 3235 1946 3304 git,
1973 3235 2375 3305 fugientemque
2401 3234 2695 3303 imperator
2715 3233 2964 3302 suscipit.
3001 3233 3154 3289 Tunc
3186 3248 3416 3291 mmsius

169 3333 333 3385 πάλιν
361 3335 387 3385 6
419 3334 674 3402 βασιλεὺς
708 3336 870 3387 αὐτὸν
920 3337 1236 3401 ὑπεδέξατο.
1272 3339 1406 3390 Τότε
1428 3341 1455 3391 6
1485 3341 1742 3410 Μεχεμὲτ

161 3428 228 3478 ὲν
264 3425 535 3496 ἀδημονίᾳ
564 3427 822 3493 γεγονὼς,
852 3429 945 3479 καὶ
969 3430 1066 3496 τὴν
1096 3429 1195 3496 τῆς
1222 3431 1393 3500 τύχης
1431 3436 1744 3502 μεταφορὰν

165 3520 242 3580 ὡς
274 3517 568 3588 σφενδόνης
598 3521 864 3586 στρεπτὸν
898 3521 1270 3590 ἡγησάμενος,
1299 3525 1487 3592 εἴρηκε
1527 3526 1604 3595 τῷ
1642 3527 1743 3596 βα-

169 3611 346 3663 σιλεῖ·
379 3611 455 3663 Σὺ
505 3612 640 3680 μὲν.
699 3612 881 3679 πάτερ
938 3613 1086 3681 ἅγιε,
1145 3615 1585 3684 ζυγοσταομῶν,
1643 3620 1744 3672 καὶ

167 3702 526 3768 προὸλέπων
555 3702 662 3764 τὰς
691 3705 1084 3770 πλάστιγγος,
1114 3706 1223 3757 οὐκ
1257 3706 1438 3773 ἀφίης
1466 3726 1588 3775 μοι.
1623 3708 1744 3761 ἅνω

167 3795 272 3846 καὶ
323 3792 481 3845 κάτω
508 3791 623 3860 τὴν
676 3795 871 3861 τύχην
919 3795 1091 3861 ὁρῶν,
1148 3797 1256 3849 τοῦ
1304 3799 1669 3868 προδοθῆναι
1701 3802 1740 3869 ἢ

165 3884 587 3952 παραδοθῆναι
632 3903 730 3954 μοι
781 3889 888 3940 τὸν
916 3888 1133 3955 ἐχθρὸν
1162 3890 1298 3956 παρ’
1342 3892 1552 3960 αὐτῆς.
1599 3893 1743 3962 Ἐμῦ

158 3974 236 4027 δὲ
262 3975 435 4043 λέγω,
484 3976 608 4032 πᾶν
638 3978 703 4029 τὸ
745 3977 814 4030 ἐν
844 3978 1140 4046 μετώποις
1176 3983 1403 4049 wagner
1434 3984 1544 4051 (6!)
1605 3986 1743 4050 tm-

162 4068 428 4121 ἑκάστου
483 4069 758 4135 δακτύλῳ
789 4071 938 4124 Θεοῦ
985 4074 1400 4139 ἀπαραιτήτως
1443 4078 1742 4144 προσήσε-

161 4177 282 4215 ται.
315 4158 627 4213 Κέλευσον
658 4157 770 4214 οὖν
790 4179 893 4229 μοι
942 4163 1064 4215 σὺν
1098 4163 1214 4229 τοῖς
1250 4165 1416 4232 ἐμοῖς
1448 4169 1562 4233 τὴν
1589 4169 1739 4235 πρύς

175 4254 486 4320 Ἀδριανοῦ
510 4254 822 4321 φέρουσαν
843 4256 1048 4321 τρίϐον
1069 4256 1364 4324 ἄρξασθαι
1387 4275 1395 4285 ·
1433 4259 1531 4310 καὶ
1548 4263 1742 4327 μόνον

157 4346 352 4411 εὔχου
382 4363 479 4412 μοι
517 4346 596 4408 ὡς
627 4345 824 4412 πατὴρ
879 4347 1033 4410 υἱὸν,
1067 4348 1222 4401 καθὰ
1259 4351 1352 4401 καὶ
1386 4330 1523 4418 sip),
1555 4353 1624 4403 τὰ
1674 4351 1741 4404 δὲ

151 4435 466 4504 μέλλοντα
505 4434 585 4498 τῷ
620 4435 741 4499 Θεῷ
769 4436 1018 4503 μελέτω.
1053 4438 1188 4490 Τότε
1217 4440 1243 4490 6
1275 4440 1532 4507 βασιλεὺς
1577 4443 1741 4495 ἁκού-

159 4545 265 4590 σας
294 4527 418 4589 τοὺς
450 4527 640 4595 λόγους
672 4528 861 4591 αὐτοῦ,
892 4532 986 4581 καὶ
1027 4531 1388 4600 περιπλακεὶς
1429 4534 1611 4596 αὐτὸν,
1648 4537 1737 4587 καὶ

156 4619 576 4684 ἀσπασάμενος,
599 4621 690 4671 καὶ
709 4620 926 4670 δεῖπνον
956 4622 1289 4690 εὐτρεπίσας
1311 4625 1605 4694 πολυτελῆ.
1640 4627 1734 4677 καὶ
1770 4602 1811 4655 D
1847 4609 1933 4661 “bi
2017 4611 2222 4662 “div”

153 4710 514 4778 χαρμονικῶς
563 4711 965 4779 εὐφρανθέντες
993 4727 1006 4740 ·
1051 4715 1264 4773 πρωῖας
1301 4714 1399 4782 ἤδη
1433 4715 1734 4784 γενομένης

152 4801 362 4864 ἔξεισιν
381 4803 407 4852 6
425 4801 679 4868 Μεχεμὲτ
700 4803 795 4870 τῆς
815 4801 1047 4864 πόλεως,
1067 4805 1158 4853 καὶ
1181 4806 1260 4864 εἰς
1283 4804 1374 4855 δύο
1395 4806 1626 4872 μερίσας
1645 4806 1733 4860 τὸν

156 4892 415 4962 στρατὸν,
444 4893 501 4944 τὸ
529 4894 628 4961 μὲν
656 4893 712 4944 ἓν
739 4895 899 4961 μέρος
925 4895 1060 4963 πρὸς
1091 4895 1159 4945 τὰ
1183 4896 1275 4946 τοῦ
1307 4895 1558 4958 Εὐξείνου
1591 4898 1730 4967 μέρη

152 4984 400 5052 ἔπεμψε,
433 4985 494 5036 τὸ
525 4985 582 5037 δὲ
626 4984 754 5038 ἄλλο
797 4986 931 5055 πρὸς
983 4987 1083 5055 τὴν
1127 4986 1406 5056 Ἀδριανοῦ
1462 4989 1732 5056 φέρουσαν

151 5076 352 5130 ὥδευε.
391 5075 522 5128 Τότε
555 5079 582 5128 6
636 5077 841 5144 Μωσῆς
876 5079 1040 5130 πάλιν
1094 5078 1358 5144 ἀκούσας,
1403 5081 1498 5132 καὶ
1547 5079 1736 5149 μαθὼν

154 5169 279 5231 πῶς
309 5171 386 5230 είς
412 5169 503 5220 δύο
533 5170 852 5238 κατατομὰς
888 5172 952 5222 τὰ
983 5172 1193 5237 φοσάτα
1221 5172 1468 5240 ἐμέρισε,
1497 5173 1567 5223 τὰ
1601 5174 1734 5242 πρὸς

152 5263 251 5313 τδν
290 5262 484 5312 πόντον
544 5261 686 5331 μέρη
740 5262 1004 5314 ἐδίωκεν·
1065 5265 1158 5315 καὶ
1216 5263 1279 5332 δὴ
1335 5266 1735 5318 ἐπεισπεσόντα

153 5357 330 5424 ἄμφω
360 5356 425 5407 τὰ
459 5355 825 5423 στρατόπεδα,
867 5358 962 5408 καὶ
1000 5358 1049 5408 οἱ
1080 5357 1174 5408 τοῦ
1209 5359 1381 5424 Μωσῆ
1413 5359 1737 5426 ἡττηθέντες

155 5449 300 5518 πρὸς
328 5448 417 5499 τὸν
446 5449 698 5515 Μεχεμὲτ
733 5447 1069 5517 ἡθροίζοντο.
1116 5449 1172 5498 Ὀ
1207 5449 1258 5499 δὲ
1295 5451 1577 5512 ἀσπασίως
1611 5452 1739 5502 ὕπε-

151 5543 367 5610 δὲχετο.
413 5540 470 5591 Ὀ
507 5541 562 5592 δὲ
615 5541 821 5608 Μωσῆς
853 5541 912 5591 τὸ
956 5541 1183 5606 γεγονὸς
1224 5541 1364 5605 ἰδὼν,
1402 5543 1495 5594 καὶ
1539 5542 1600 5593 τὸ
1640 5543 1737 5611 τῆς

1849 3337 1900 3380 et
1926 3330 2141 3387 anxius,
2207 3335 2464 3392 reputans
2514 3324 2807 3387 fortunam,
2859 3341 3022 3394 atque
3071 3341 3135 3380 ac
3169 3326 3411 3389 fundam,

1849 3418 2168 3471 mutabilem
2199 3417 2602 3484 volubilemque
2641 3430 2762 3471 esse
2787 3455 2801 3480 ,
2841 3416 2924 3469 his
2957 3417 3142 3471 verbis
3180 3419 3412 3486 impera-

1850 3498 2018 3559 torem
2081 3508 2417 3573 alloquitur:
2455 3507 2556 3570 Tu,
2605 3515 2756 3574 pater
2789 3517 2989 3572 sancte,
3039 3510 3130 3575 qui
3151 3524 3413 3562 momenta

1846 3617 2021 3652 rerum
2044 3602 2336 3667 perpendis,
2367 3600 2696 3667 lanciuntth
2734 3603 3055 3668 reciprocam
3080 3601 3412 3654 librationem

1843 3694 2112 3760 praeviues,
2149 3708 2264 3743 cum
2300 3694 2570 3757 fortunam
2624 3691 2990 3760 contempleris
3029 3708 3220 3762 susque
3253 3697 3414 3762 deque

1844 3798 1925 3834 res
1960 3798 2102 3834 meas
2142 3797 2342 3833 versare
2368 3823 2379 3844 ,
2412 3797 2515 3833 non
2541 3783 2768 3834 dimittts
2809 3797 2909 3846 me,
2944 3793 2999 3835 ut
3028 3765 3142 3848 ipsa
3177 3801 3255 3836 me
3285 3801 3407 3852 pro—

1843 3875 1956 3938 dat,
2020 3885 2110 3926 aut
2160 3892 2213 3927 m
2278 3891 2462 3927 manus
2495 3891 2635 3928 meas
2657 3875 2857 3928 hostem
2906 3879 3032 3928 nti/ti
3073 3879 3271 3930 tradat.
3304 3877 3411 3947 Ego

1843 3982 1961 4017 vero
2015 3977 2062 4017 te
2097 3981 2274 4017 coram
2312 3966 2406 4017 hoc
2468 3981 2690 4019 assero:
2745 3967 2999 4035 quidquid
3057 3969 3113 4020 in
3148 3975 3408 4036 frontibus

1842 4058 2253 4124 uniuscujusque
2287 4063 2452 4110 nostri
2474 4057 2562 4110 Dei
2587 4059 2751 4126 digito
2775 4062 3032 4127 scriptum
3063 4070 3164 4122 est,
3194 4062 3246 4113 id
3277 4063 3411 4114 irre-

1843 4146 2071 4196 vocatite
2109 4160 2240 4206 esse,
2267 4161 2328 4197 ac
2360 4148 2654 4199 necessario
2677 4157 2997 4200 eventurum.
3033 4150 3225 4203 Jubeas
3249 4153 3411 4219 igitur

1841 4253 1921 4290 me
1952 4254 2068 4289 cum
2100 4240 2348 4292 omnibus
2377 4245 2505 4292 meis
2539 4243 2703 4309 copiis
2736 4244 2892 4307 vium,
2921 4260 3036 4309 qure
3071 4246 3406 4313 Adrianopo-

1842 4331 1936 4383 lim
1962 4332 2129 4394 ducit,
2162 4349 2429 4400 capessere
2456 4351 2470 4387 :
2493 4335 2620 4386 nti/ti
2655 4335 2788 4387 bona
2817 4335 3096 4404 faustaque
3119 4339 3408 4392 solummo-

1841 4424 1906 4475 do
1965 4439 2179 4491 precare
2220 4435 2269 4478 et
2305 4435 2447 4493 opta,
2493 4437 2548 4478 ut
2579 4438 2784 4496 patrem
2837 4429 2951 4495 [ilio
3006 4430 3173 4492 decet,
3215 4432 3398 4498 futura

1843 4531 1960 4568 vero
1990 4515 2086 4569 Dei
2115 4518 2456 4583 providentia:
2486 4522 2877 4580 permittamus.
2912 4520 3069 4576 Hunc
3093 4538 3404 4579 sermonem

2321 4611 2642 4676 imperator,
2693 4613 2871 4680 ipsum
2949 4615 3268 4682 complexus
3345 4632 3409 4670 ac

1842 4700 2186 4752 deosculatus
2234 4709 2348 4752 est:
2399 4715 2554 4754 coena
2591 4703 2786 4756 deinde
2809 4705 3032 4770 opipare
3061 4717 3115 4757 et
3148 4706 3296 4758 laute
3327 4708 3409 4760 iu-

1842 4800 2070 4854 structa,
2110 4793 2310 4845 hilares
2335 4803 2387 4846 ct
2416 4796 2519 4847 [arti
2551 4797 2711 4863 genio
2751 4799 3112 4852 indulserunt.
3153 4797 3281 4853 Orta
3308 4802 3402 4854 de-

1840 4901 1985 4938 mum
2017 4887 2136 4939 luce
2159 4887 2289 4940 urbe
2307 4890 2437 4941 exiit
2469 4888 2826 4955 Mahometes,
2860 4894 3154 4962 copiasque
3176 4895 3228 4946 in
3261 4895 3408 4948 acies

1840 4981 1999 5034 binas
2033 4981 2306 5048 partitur;
2345 5000 2579 5052 quarunt
2613 4986 2781 5039 altera
2814 5003 3006 5042 versus
3032 4987 3298 5040 Euxinum
3324 4991 3405 5041 in-

1841 5075 2026 5138 cessit,
2053 5077 2215 5128 altera
2247 5077 2655 5146 AurianOpolim
2679 5081 2977 5134 contendit.
3002 5080 3179 5137 Moses
3201 5095 3403 5152 autem,

1841 5168 1933 5221 ubi
1973 5167 2227 5236 cognovit
2277 5172 2581 5226 exercitum
2619 5173 3176 5228 suum-Mallometem
3213 5177 3405 5231 induo

1838 5262 2050 5331 agmina
2083 5262 2335 5316 divisisse
2366 5277 2382 5314 :
2416 5264 2571 5328 illud,
2603 5266 2744 5334 quod
2774 5267 2840 5319 ad
2869 5267 3140 5323 Euxinum
3167 5271 3400 5325 Pontum

1838 5353 2196 5420 properabat,
2252 5353 2592 5422 insequitur,
2654 5358 3107 5426 assequiturque;
3168 5377 3404 5431 cumque

1840 5447 2010 5498 amba:
2071 5444 2334 5514 oppositae
2367 5448 2510 5501 acies
2534 5449 2967 5518 communissent,
3003 5452 3276 5524 Mosisquc
3307 5473 3402 5509 co-

1839 5539 1940 5606 pia:
1968 5538 2123 5599 victae
2156 5535 2416 5600 fuissent,
2471 5540 2533 5592 ad
2563 5539 2922 5598 .‘llachometis
2960 5555 3143 5614 partes
3173 5549 3406 5603 transie-

1319 5684 1604 5744 lsmaelis
1639 5683 1934 5743 Bullialdi
1988 5692 2178 5744 notua.

228 5810 341 5877 (6|)
375 5805 584 5859 Πτῖντό
608 5807 674 5857 ἐν
701 5808 992 5872 μετώποις
1027 5810 1270 5873 γραφέν.
1312 5807 1472 5860 Juxta
1499 5817 1732 5861 mentem

155 5879 567 5935 Musultttzlttit'a:
620 5881 916 5946 religionis,
1007 5894 1129 5943 qua:
1199 5881 1734 5946 praedes!tnatioueut

1843 5808 2204 5861 inevitabilem
2230 5811 2447 5877 astruit,
2482 5811 2723 5878 nihilque
2752 5828 2813 5866 ex
2860 5815 3096 5868 hominis
3127 5814 3404 5874 voluntate

1845 5879 2010 5931 libera
2046 5883 2158 5932 fieri
2188 5883 2398 5934 ass-wit.
