4200 6454
237 441 348 505 873

1453 443 1823 506 HISTORIA
1864 443 2314 504 BYZANTINA.
3389 437 3484 507 δτι

236 549 498 602 δεσπότου
552 551 985 621 Λακεδαιμονῑας
1046 551 1141 605 καὶ
1207 555 1505 623 πρίγκιπος
1559 556 1796 624 Ἀχατσις1

1919 569 2060 617 rum,
2106 549 2521 607 Lacedmmnnis
2573 548 2798 619 dcspota
2861 561 2908 604 et
2969 548 3213 619 principe
3271 548 3485 605 Achaia!

233 643 330 692 καὶ
364 641 570 703 πάντας
600 643 826 712 ἡμέρως
853 643 1328 712 προσαγορεύσας,
1365 646 1458 697 καὶ
1498 647 1556 696 ἐν
1598 644 1810 714 ἀρίστῳ

232 732 649 801 ὁμοτραπέζους
683 734 1139 804 συγκαθεδρίσας,
1171 738 1264 789 καὶ
1297 740 1415 799 ταῖς
1466 737 1812 806 φιλοτησίαις

232 830 316 891 εἰς
350 831 623 895 ἀνάδειξιν
672 834 891 884 πάντων
923 835 1363 902 ἐγκαταστήσας,
1396 833 1636 886 ἀπέλυσε
1683 833 1813 894 τοὺς

231 924 450 986 πάντας
505 925 563 974 ἐν
600 926 814 994 εἰρήνῃ,
864 926 1036 993 λέγων
1097 928 1326 988 αὐτοῖς·
1394 926 1813 996 Ἀναγγείλατε

230 1014 360 1079 τοῖς
415 1018 644 1084 κισρίοις
682 1017 882 1084 ὑμῶν,
937 1019 1051 1086 ἐγὼ
1082 1019 1233 1086 μετὰ
1275 1018 1518 1072 πάντων
1562 1019 1812 1087 εἰρήνην·

229 1107 461 1175 δίδωμι,
517 1109 612 1160 καὶ
654 1110 903 1178 εἰρήνην
931 1111 1234 1179 λαμϐάνω.
1274 1115 1370 1177 Ὃς
1411 1113 1808 1181 πανουργεύει

228 1199 349 1268 τὴν
375 1199 640 1266 εἰρήνην,
675 1200 772 1253 καὶ
798 1205 828 1253 ό
859 1202 1005 1267 Θεὸς
1025 1202 1133 1269 τῆς
1166 1203 1411 1271 εἰρήνης
1442 1204 1568 1258 κατ’
1595 1206 1807 1258 αὐτοῦ·

241 1291 304 1344 ’0
335 1289 391 1342 δέ
432 1290 684 1358 βασιλεὺς
717 1293 977 1362 Μανουὴλ
1009 1297 1067 1346 ἐν
1110 1296 1265 1365 ἀδείᾳ
1291 1296 1388 1357 ὣν,
1432 1297 1527 1346 καὶ
1566 1297 1640 1365 μὴ
1670 1297 1808 1364 ἔχων

225 1381 322 1435 τὸν
359 1382 858 1452 παρεμποδίζοντα,
895 1384 1163 1455 ἐϐουλήθη
1217 1387 1430 1454 γάμους
1458 1388 1682 1452 ποιῆσαι
1729 1388 1808 1456 τῷ

227 1475 334 1545 υἱῷ
364 1475 528 1527 αὑτοῦ
571 1474 815 1546 Ἰωάννῃ.
851 1478 960 1529 Καὶ
997 1477 1215 1539 στείλας
1259 1479 1340 1541 εἰς
1368 1479 1458 1530 τὸν
1493 1479 1636 1549 ρῆγα
1674 1479 1807 1531 Ῥω-

229 1583 353 1629 σιας
384 1565 494 1636 (64)
528 1569 769 1636 ἠγάγετο
800 1569 1022 1638 νύμφην
1049 1571 1147 1640 τὴν
1173 1572 1448 1642 θυγατέρα
1477 1571 1662 1624 αὐτοῦ.
1698 1574 1807 1624 Καὶ

226 1657 482 1726 ἁρμόσας
545 1659 787 1725 ταύτην,
844 1662 1224 1727 μετακαλέσας
1286 1666 1347 1716 τὸ
1407 1664 1580 1733 ὃνομα
1638 1663 1808 1731 αὐτῆς

233 1750 458 1815 Ἀνναν,
489 1751 588 1804 οὐκ
619 1751 897 1822 ἠϐουλήθη
927 1754 1119 1822 στέψαι
1151 1757 1272 1808 τότε
1306 1757 1384 1818 εἰς
1418 1756 1643 1825 βασιλέα
1682 1755 1804 1827 [βα-

231 1839 437 1912 σιλίδα]
461 1857 476 1872 ·
509 1837 577 1911 ἦν
618 1844 726 1912 γὰρ
761 1845 794 1911 ἡ
822 1845 959 1913 κόρη
986 1848 1047 1897 τὸ
1079 1846 1368 1898 ἑνδέκατον
1401 1849 1611 1913 ἄγουσα
1654 1848 1803 1909 ἐτο-ς“

1920 647 2152 708 benigne
2212 660 2275 699 ac
2328 644 2623 698 clementer
2683 644 2948 697 allocutus
2997 645 3062 698 ad
3120 659 3321 700 mensae
3379 659 3486 699 sua:

1917 755 2069 793 sacra
2100 738 2341 802 admisit,
2385 747 2437 792 et
2462 737 2604 790 inter
2627 736 3055 805 compotandum
3080 737 3314 807 singulis
3341 751 3486 792 como

1918 830 2126 896 pellatis
2183 830 2512 899 propinavit.
2579 829 2911 896 domumque
2969 829 3191 896 pacilire
3241 828 3486 890 dimisit.

1914 931 1967 975 et
2000 938 2322 991 responsum
2370 921 2515 992 quod
2589 920 2852 975 referrent
2902 921 3008 974 tale
3070 919 3220 974 dedit
3261 939 3274 975 :
3327 920 3484 974 Nun-

1916 1019 2042 1069 tiate
2072 1016 2299 1070 dominis
2331 1014 2518 1067 vestris
2553 1030 2632 1066 me
2655 1029 2834 1081 pacem
2871 1013 3110 1066 omnibus
3169 1012 3381 1081 aﬂ'errc,
3420 1013 3484 1065 ab

1913 1109 2079 1176 iisque
2112 1108 2349 1161 oblatam
2381 1106 2653 1174 amplecti.
2699 1105 2804 1169 Qui
2857 1105 3041 1174 fraude
3089 1121 3268 1172 pacem
3301 1121 3486 1157 corru-

1913 1202 2068 1266 perit,
2095 1200 2196 1266 ipsi
2232 1197 2367 1251 Deus
2399 1198 2544 1265 pacis
2576 1197 2798 1265 infestus
2829 1205 2960 1250 esto.
2994 1196 3178 1251 Rebus
3207 1212 3338 1265 ergo
3371 1195 3485 1248 Ma-

1914 1291 2092 1343 nuelis
2154 1290 2502 1358 imperatoris
2563 1289 2616 1340 in
2656 1297 2775 1342 tuto
2808 1289 3108 1352 collocatis,
3173 1287 3485 1356 nulliusque

1915 1380 2129 1449 injuria:
2178 1380 2452 1444 obnoxiis,
2485 1379 2593 1452 54
2619 1381 2861 1435 decrevit
2929 1395 3158 1434 uxorem
3215 1379 3325 1436 filio
3381 1393 3483 1436 suo

1913 1473 2111 1528 Joanni
2143 1475 2315 1537 dare;
2381 1489 2552 1544 quare
2612 1490 2703 1540 per
2763 1480 2964 1545 legatos
3009 1491 3036 1528 τι
3095 1473 3306 1529 Russiaa
3356 1491 3484 1545 rege

1913 1567 2216 1635 (Marcet-ia:
2245 1567 2395 1632 duce)
2425 1565 2588 1618 filiam
2616 1566 2733 1635 ejus
2758 1567 2990 1633 puellam
3024 1568 3203 1622 adhuc
3226 1569 3476 1622 obtinuit.

1907 1655 2200 1709 Contracta
2255 1655 2455 1709 deinde
2516 1656 2868 1710 matrimonio
2929 1657 3140 1710 Annam
3191 1659 3483 1728 appellarit

1912 1757 2119 1801 mutato
2147 1748 2369 1816 proprio
2425 1748 2669 1803 nomine.
2705 1747 2890 1818 Neque
2947 1758 3132 1804 tamen
3190 1751 3483 1818 imperato-

1909 1841 2043 1892 riam
2080 1856 2342 1895 coronam
2374 1830 2430 1894 ei
2458 1843 2739 1908 imponere
2775 1841 2969 1905 voluit,
2999 1841 3149 1910 quod
3189 1853 3318 1897 tunc
3375 1857 3478 1896 un-

227 1936 644 2002 περαιουμένων
672 1937 729 1988 δὲ
776 1937 945 2006 τριῶν
991 1938 1149 2002 ἐτῶν,
1195 1938 1290 1991 καὶ
1339 1937 1595 2006 λοιμικῆς
1645 1939 1796 1990 νόσου

1907 1933 2183 1986 decimum
2221 1948 2422 1986 annmn
2459 1934 2836 1987 tantutmnodo
2892 1946 3094 2001 ageret.
3154 1935 3222 1988 At
3274 1936 3482 1990 exactis

227 2026 644 2094 καταλαϐούσης
676 2030 740 2097 τῇ
787 2029 960 2093 πόλει,
997 2029 1089 2081 καὶ
1125 2028 1260 2081 πολὺ
1303 2028 1505 2098 πλῆθος
1551 2028 1680 2082 λαοῦ
1713 2029 1801 2081 διὰ

228 2116 326 2169 τοῦ
358 2117 623 2186 βουϐῶνος
650 2119 998 2188 τεθνηκότος,
1045 2119 1368 2190 ἐτελεύτησε
1399 2122 1547 2190 καὶὴ
1589 2119 1802 2190 ﬁdem;

228 2208 421 2271 Ἀννα,
460 2212 601 2279 μέγα
647 2212 846 2274 πένθος
882 2212 1264 2266 καταλιποῦσα
1303 2215 1413 2274 τοῖς
1445 2213 1710 2274 πολίταις.
1744 2213 1801 2264 'U

221 2300 281 2353 δὲ
310 2301 423 2362 υἱὸς
454 2301 548 2353 τοῦ
575 2303 878 2374 Παγιαζὴτ,
899 2309 926 2358 6
957 2307 1035 2364 εἰς
1066 2307 1313 2373 ὁμήρους
1342 2306 1622 2369 ἀνατεθεὶς
1653 2307 1802 2375 παρὰ

221 2391 322 2443 τοῦ
357 2393 727 2462 Μουσουλμὰν
773 2396 855 2464 τῷ
892 2395 1105 2464 βασιλεῖ
1144 2397 1425 2466 Μανουὴλ,
1458 2400 1484 2449 6
1537 2399 1636 2466 μὲν
1670 2392 1748 2459 εἷς
1775 2399 1801 2448 6

222 2484 324 2536 καὶ
351 2485 567 2553 πρῶτος
603 2488 700 2539 σὺν
726 2489 929 2558 ἀδελφῇ
961 2491 1027 2558 τῇ
1071 2489 1267 2559 Φατμᾷ
1297 2490 1567 2559 ἀπελύθη,
1603 2492 1697 2543 καὶ
1746 2494 1801 2542 ἐν

218 2580 290 2645 τῇ
347 2578 566 2650 Προύσῃ
617 2581 879 2650 ἐτρέφετο
905 2597 919 2611 ο
946 2583 972 2634 6
1011 2580 1056 2634 δ’
1082 2581 1241 2645 ἄλλος
1282 2583 1494 2654 ἠράσθη
1533 2582 1644 2652 (65)
1676 2600 1800 2635 παι-

220 2669 373 2730 δείας
411 2670 754 2740 Ἑλληνικῆς,
807 2673 889 2726 ἐτι
918 2673 1093 2726 συνὼν
1129 2673 1209 2742 τῷ
1253 2674 1344 2726 τοῦ
1395 2675 1654 2743 βασιλέως
1700 2676 1800 2744 υἱῷ

234 2761 460 2831 Ἰωάννῃ
491 2779 503 2791 ·
530 2765 622 2815 καὶ
644 2766 700 2814 ἐν
721 2764 796 2833 τῷ
817 2767 1040 2834 σχολείῳ
1069 2767 1364 2836 ἐρχόμενος
1393 2767 1600 2835 ἐμυῆτο
1622 2768 1800 2838 γράμ-

224 2870 385 2922 μασι,
417 2858 506 2905 καὶ
553 2856 885 2909 ἐδιδάσκετο.
929 2858 1199 2910 Τοσοῦτον
1258 2855 1350 2912 οὖν
1385 2859 1645 2925 ἐφλέγετο
1696 2863 1801 2912 ὑπὸ

220 2946 319 2996 τοῦ
351 2946 552 3012 ἔρωτος
586 2950 684 3015 τῆς
720 2949 1018 3018 μαθήσεως
1070 2952 1287 3021 καὶτῆς
1328 2955 1466 3021 μετὰ
1495 2953 1590 3004 τοῦ
1615 2953 1800 3006 Ἰωάν-

221 3055 317 3089 νου
347 3038 724 3108 παιδοτριϐῆς,
757 3042 830 3103 ὡς
866 3044 957 3093 καὶ
991 3046 1276 3111 προσεῖναι
1326 3045 1402 3112 τῷ
1436 3044 1644 3113 βτσιλεῖ
1683 3046 1798 3097 Μα-

221 3131 411 3198 νουὴλ,
455 3135 552 3186 καὶ
577 3134 834 3203 δεόμενος
867 3135 963 3189 τοῦ
999 3136 1371 3208 βαπτισθῆναι
1419 3141 1798 3210 Χριστιανικῷ

219 3224 397 3291 νόμῳ.
438 3225 547 3278 Καὶ
595 3226 876 3293 ὁμολογῶν
923 3228 999 3297 τῷ
1032 3228 1243 3297 βασιλεί
1294 3231 1414 3282 καθ’
1445 3233 1683 3300 ἐκάστην
1723 3233 1796 3294 ὡς

1903 3222 2119 3276 nuelem
2185 3223 2572 3292 imperatorem
2625 3229 2862 3295 adierit,

220 3313 557 3382 Χριστιανός
591 3317 726 3378 ἐστι,
759 3319 850 3370 καὶ
883 3320 942 3369 οὐ
988 3323 1276 3388 προσίεται
1303 3321 1370 3374 τὰ
1411 3323 1504 3373 τοῦ
1551 3324 1796 3391 Μωὰμεδ

218 3405 489 3473 δόγματα.
533 3407 592 3460 Ὀ
624 3409 682 3462 δὲ
729 3409 982 3477 βασιλεὺς
1034 3413 1133 3465 οὐκ
1162 3413 1352 3483 ἢθελεν
1403 3414 1650 3476 ἀκοῦσαι,
1711 3417 1796 3467 ἵνα

223 3497 302 3568 μὴ
337 3498 654 3552 σκανδάλων
699 3503 925 3572 ἀφορμὴ
987 3504 1235 3572 γένηται.
1287 3506 1420 3557 Τότε
1465 3509 1522 3558 ἐν
1556 3506 1797 3569 ἐκείναις

218 3591 341 3651 ταῖς
371 3592 604 3660 ἡμέραις
638 3592 734 3656 τῆς
763 3594 920 3646 νόσου
950 3596 1442 3666 καταδαπανώσης,
1474 3600 1569 3651 καὶ
1599 3599 1795 3667 ἀφανι-

217 3680 421 3751 ζούσης
445 3693 512 3734 τα
551 3684 800 3753 σώματα,
840 3686 914 3755 μὴ
952 3690 1277 3758 αἰδουμένης
1325 3690 1517 3760 καὶμὴ
1549 3691 1795 3760 φειδομέ-

215 3788 318 3840 νης
345 3773 443 3839 τῆς
479 3774 747 3844 τυχούσης
791 3778 1031 3846 ἡλικίας,
1070 3779 1274 3846 ἔφθασε
1306 3783 1398 3834 καὶ
1433 3785 1514 3844 εἰς
1543 3786 1634 3835 τὸν
1665 3785 1794 3851 ἄνη-

219 3864 320 3916 ϐον
355 3865 516 3917 παῖδα
545 3867 637 3917 τὸν
665 3868 759 3919 τοῦ
795 3870 1101 3941 Παγιαζήτ.
1146 3875 1358 3940 Μηνύει
1394 3874 1487 3928 οὖν
1532 3875 1611 3943 τῷ
1643 3876 1791 3944 βασι-

215 3956 303 4008 λεῖ
339 3958 556 4029 Ἰωάννῃ
613 3961 824 4027 λέγων·
875 3960 948 4017 Ὦ
999 3964 1266 4026 ,ϐασιλεῦ
1313 3967 1430 4018 τῶν
1468 3969 1786 4034 Ῥωμαίων,

211 4051 347 4120 ἐμοὶ
377 4051 444 4103 δὲ
474 4056 733 4106 αὐθέντα
763 4058 859 4108 καὶ
891 4057 1094 4123 πάτερ,
1130 4059 1244 4126 ἤδη
1278 4062 1668 4129 παρίσταμαι,
1693 4062 1791 4115 καὶ

203 4146 297 4214 μὴ
343 4145 532 4197 θέλων
566 4146 779 4217 ἀφίημι
815 4148 1032 4213 πάντα,
1075 4151 1172 4202 καὶ
1223 4150 1549 4220 ἀπέρχομαι
1579 4155 1664 4218 εις
1719 4154 1790 4206 τὰ

206 4235 342 4289 ἐκεῖ
367 4235 764 4304 δικαιωτήρια.
806 4241 951 4308 Ἐγὼ
975 4241 1082 4308 γὰρ
1108 4243 1376 4311 ὁμολογῶ
1400 4243 1490 4296 ὅτι
1519 4247 1791 4312 Χριστια-

207 4328 320 4390 νός
349 4329 489 4394 ειμι,
523 4328 603 4382 σὺ
634 4330 700 4381 δὲ
734 4330 840 4382 τὸν
884 4332 1196 4398 (tenacem
1225 4334 1332 4401 τῆς
1367 4337 1625 4402 πίστεως
1688 4338 1787 4391 καὶ

203 4417 328 4483 τὴν
353 4421 657 4486 σφραγῖδα
684 4421 790 4473 τοῦ
830 4424 1180 4490 Πνεὺμιιτος
1217 4427 1286 4476 οὐ
1319 4425 1495 4490 δίδως
1521 4445 1645 4494 μοι.
1688 4429 1787 4481 Γί-

204 4525 408 4562 νωσκε
431 4512 660 4574 τοίνυν,
682 4512 876 4566 θανὼν
900 4515 1266 4581 ἁϐἁπτιστος
1283 4517 1400 4584 ἔχω
1425 4521 1785 4587 κατηγορίας

1909 2025 2084 2079 tribus
2129 2025 2309 2088 annis,
2351 2028 2654 2094 morboque
2699 2027 2968 2094 pestilenti
3013 2042 3109 2094 per
3166 2029 3480 2081 Constanti-

1907 2117 2145 2184 nopolim
2173 2128 2479 2186 grassante,
2513 2119 2717 2186 ingenti
2756 2120 2928 2186 pleLis
2959 2135 3188 2173 numero
3243 2122 3480 2178 buboni-

1907 2209 2009 2263 bus
2037 2209 2329 2272 cxstincto,
2363 2210 2681 2264 obiitetiam
2715 2212 3036 2279 impcratrix
3084 2212 3260 2274 Anna,
3312 2229 3475 2283 quam

1907 2303 2104 2354 acerbo
2138 2304 2286 2356 luctu
2325 2303 2598 2370 prosecuti
2639 2312 2768 2356 sttnt
2808 2304 2994 2358 mmsti
3055 2306 3222 2359 cives.
3275 2306 3478 2376 Bajazi-

1906 2396 2211 2462 tisquuquc
2238 2394 2495 2456 ﬁliorum,
2533 2411 2672 2463 quos
2710 2382 2930 2451 obsides
2971 2395 3205 2452 Manueii
3255 2397 3478 2452 dederat

1906 2485 2305 2549 Musnlmanus,
2342 2487 2662 2554 unus-isque
2690 2496 2816 2539 natu
2848 2491 3110 2557 grandior
3138 2506 3259 2543 cum
3289 2507 3478 2547 sorore

1906 2593 2005 2632 sua
2039 2577 2265 2632 Pbatma
2295 2579 2560 2631 remissus
2585 2577 2783 2642 fuerat,
2815 2591 2867 2633 et
2906 2580 3091 2635 Prusae
3117 2584 3476 2638 educabatur.

1911 2672 1973 2722 At
2005 2670 2143 2726 alter
2181 2671 2394 2726 litteras
2444 2671 2663 2727 Graecas
2727 2675 3047 2728 addiscendi
3099 2691 3285 2730 amore
3333 2686 3477 2733 tene-

1909 2765 2085 2829 batur,
2117 2773 2172 2817 et
2207 2780 2330 2818 cum
2356 2762 2567 2819 Joanne
2599 2767 2948 2834 imperatoris
3007 2767 3066 2821 F.
3129 2768 3477 2825 familiariter

1905 2856 2271 2918 versabatur,
2328 2856 2683 2927 scholamque
2744 2852 3096 2929 frequentans
3150 2865 3200 2915 in
3273 2864 3474 2918 litteris

1903 2947 2272 3004 erudiebatur.
2307 2947 2478 3003 Porro
2532 2965 2596 3004 eo
2654 2967 2828 3020 usque
2856 2955 3129 3021 processit
3173 2957 3292 3023 ejus
3340 2972 3471 3026 erga

1903 3038 2165 3092 scientias
2228 3041 2479 3096 liberales
2537 3044 2803 3108 studium,
2840 3054 2894 3098 et
2943 3046 3045 3099 sibi
3101 3063 3220 3101 cum
3269 3049 3475 3104 Joanne

1903 3145 2250 3184 eou‘tmunem
2313 3134 2693 3190 educationem
2753 3137 2888 3191 tanti
2951 3138 3206 3204 faciebat,
3267 3153 3324 3195 ut
3364 3143 3474 3195 Ma-

2941 3234 3323 3302 rogareritque
3345 3274 3359 3297 ,
3415 3246 3474 3291 ut

1898 3315 2053 3384 juxta
2084 3315 2456 3371 Christianum
2477 3319 2641 3374 ritum
2666 3321 2938 3390 baptisma
2965 3324 3242 3392 suscipere
3263 3327 3473 3391 liceret.

1901 3421 1997 3475 per
2023 3407 2268 3476 singulos
2304 3409 2418 3464 dies
2452 3412 2594 3479 apud
2624 3429 2749 3465 eum
2799 3415 3085 3482 professus
3119 3431 3178 3471 se
3208 3417 3473 3472 Christia-

1899 3514 2028 3553 num
2055 3514 2197 3565 esse,
2253 3517 2430 3568 neque
2465 3501 2804 3559 Mabamedis
2839 3509 3186 3573 dogmatibus
3236 3527 3473 3565 consen-

1900 3591 2025 3645 tire.
2085 3592 2209 3646 lstis
2275 3594 2583 3648 auscultare
2625 3598 2799 3651 noluit
2839 3593 3134 3666 imperator
3165 3641 3179 3664 ,
3220 3619 3285 3656 ne
3308 3619 3471 3657 scan-

1899 3683 2020 3737 dala
2048 3682 2173 3738 inde
2205 3686 2501 3738 orirentur.
2557 3685 2753 3741 Verum
2803 3705 2898 3757 per
2943 3691 2995 3744 id
3035 3704 3246 3761 tempus
3283 3697 3472 3750 morbo

1897 3773 2180 3838 sactiento,
2247 3774 2643 3845 funeribusque
2706 3782 2886 3834 omnis
2929 3785 3241 3849 promiscue
3292 3791 3469 3842 aetatis

1896 3864 2360 3932 frequentissimis
2390 3866 2655 3922 exhausta
2684 3870 2837 3936 urbe,
2889 3873 3188 3940 corripitur
3242 3877 3331 3930 illo
3364 3878 3467 3929 im-

1894 3956 2068 4023 pubes
2089 3953 2348 4023 Bajazitis
2401 3957 2576 4022 filius;
2620 3960 2711 4027 qui
2777 3959 3049 4016 Joannem
3084 3965 3462 4033 imperatorem

1897 4046 1982 4100 bis
2024 4047 2204 4099 verbis
2232 4056 2413 4101 monet
2463 4047 2845 4104 :Romteorum
2898 4054 3204 4121 imperator,
3259 4058 3464 4111 domine

1893 4139 1964 4191 mi
1991 4154 2052 4191 ac
2077 4146 2244 4204 pater,
2274 4140 2504 4208 jamjam
2534 4143 2897 4198 vadimonium
2928 4147 3076 4209 abeo,
3128 4149 3321 4201 invitus
3350 4166 3464 4201 om-

1891 4232 1976 4285 nia
2005 4231 2242 4296 dimitto,
2304 4241 2356 4285 et
2436 4234 2506 4286 ad
2534 4234 2846 4300 tribunalia,
2882 4254 2998 4306 qua:
3034 4238 3146 4292 illic
3183 4241 3234 4292 in
3295 4241 3462 4294 altera

1889 4324 1996 4375 rita
2033 4332 2179 4383 sunt.
2220 4322 2368 4376 abeo.
2407 4323 2669 4391 Proﬁteor
2721 4329 2956 4396 equidem
2992 4347 3073 4382 me
3103 4330 3462 4385 Christianum

1889 4431 1996 4468 esse
2018 4430 2036 4476 ,'
2057 4424 2108 4465 tu
2139 4431 2256 4467 vero
2285 4415 2410 4483 ﬁdei
2440 4417 2759 4472 Christiana:
2811 4420 3157 4474 arr/tabouem
3203 4433 3249 4474 et
3286 4423 3459 4491 signa-

1894 4507 2066 4558 culum
2109 4506 2343 4573 Spiritus
2385 4508 2646 4574 suscipere
2681 4508 2808 4561 ntilti
2859 4526 2960 4563 non
3007 4511 3266 4565 concedis.
3312 4510 3459 4565 Scias

202 4603 410 4670 φέρων
439 4605 585 4657 κατὰ
616 4604 732 4657 σοῦ
762 4607 830 4657 ἐν
868 4606 947 4670 τῷ
990 4609 1270 4675 κριτηρίῳ
1303 4608 1408 4662 τοῦ
1440 4610 1782 4667 ἀδεκάστου

1892 4597 2064 4656 velim.
2101 4600 2350 4665 quoniam
2393 4613 2494 4650 non
2547 4600 2844 4667 baptizatus
2888 4613 3111 4656 mortem
3166 4605 3307 4665 abeo.
3368 4606 3460 4657 tibi

207 4690 384 4744 Θεοῦ.
429 4693 562 4744 Τότε
604 4697 631 4746 6
669 4695 926 4763 βασιλεὺς
971 4698 1249 4766 καμφθεὶς
1277 4702 1391 4762 τοῖς
1426 4703 1634 4771 ῥήμασι
1661 4704 1785 4756 τού·

201 4797 346 4847 τοις,
373 4783 595 4852 πέμψας
630 4785 927 4838 ἐϐάπτισεν
962 4789 1143 4851 αὑτὸν,
1176 4791 1338 4852 αὐτὸς
1391 4793 1647 4863 ἀνάδοχος
1689 4812 1783 4861 γε·

201 4875 384 4938 γονώς
407 4889 421 4904 ·
442 4879 536 4928 καὶ
563 4878 629 4944 τῇ
657 4878 888 4947 ἐπιούσῃ
915 4879 1098 4948 ἡμέρᾳ.
1121 4879 1402 4950 τέθνηκεν.
1446 4882 1502 4935 Ὀ
1528 4884 1783 4951 βασιλεὺς

195 4968 259 5020 δὲ
301 4965 418 5033 μεθ’
461 4970 612 5051 ὅσης.
642 4970 807 5039 τιμῆς
853 4970 1056 5039 ἔθαψεν
1090 4973 1255 5025 αὑτὸν
1302 4974 1360 5025 ἐν
1395 4978 1460 5044 τῇ
1511 4980 1647 5046 μονῇ
1685 4977 1780 5028 τοῦ

200 5060 551 5128 ιὶροδρόμου,
587 5063 645 5112 ἐν
674 5064 788 5124 τοῖς
815 5062 1067 5115 Στουδέου
1097 5065 1152 5115 ἐν
1183 5067 1517 5137 μαρμαρίνῳ
1549 5067 1779 5136 λάρνακι

194 5152 430 5216 πλησίον
458 5152 554 5204 τοῦ
590 5154 718 5206 ναοῦ
748 5157 898 5216 ἐντὸς
920 5155 1020 5224 τῆς
1050 5156 1245 5224 πύλης.

1892 4694 2278 4743 accusationem
2334 4691 2710 4758 inscripturum
2757 4710 2836 4745 me
2877 4696 3020 4761 apud
3075 4696 3310 4748 tribunal
3358 4681 3460 4751 Ἰ)ρὶ

1888 4781 2531 4848 iudicisincorruptibilis.
2562 4780 2656 4837 His
2694 4787 2873 4837 verbis
2938 4786 3235 4853 imperator
3293 4789 3461 4841 emol-

1894 4871 2021 4924 litus
2054 4886 2117 4925 ac
2140 4870 2314 4924 ﬂexus
2345 4871 2514 4934 misit,
2552 4872 2644 4940 qui
2696 4888 2816 4926 eum
2848 4875 3177 4943 baptizaret;
3237 4878 3459 4947 ipseque

1890 4978 2105 5018 esacro
2159 4965 2374 5017 lavacro
2406 4965 2687 5033 suscepit;
2745 4967 3008 5034 postridie
3058 4969 3273 5021 tandem
3324 4969 3459 5038 bap-

1891 5055 2088 5109 tizatus
2126 5054 2249 5108 fatis
2286 5058 2577 5109 concessit.
2616 5054 2928 5112 Honorilico
2967 5059 3157 5113 innerc
3188 5075 3309 5112 eum
3361 5076 3459 5114 ex-

1887 5147 2011 5199 tulit
2071 5145 2305 5207 Manuel,
2355 5145 2711 5214 sepelivilquc
2747 5148 2798 5201 in
2854 5151 3183 5204 monasterio
3221 5149 3459 5204 Stutlita-

194 5262 326 5300 rum
358 5248 564 5300 nomini
600 5249 776 5302 sancti
832 5246 1063 5303 Joannis
1103 5248 1364 5319 Baptism
1421 5251 1794 5314 Praecursoris
1828 5261 2050 5328 dicato;
2085 5262 2477 5330 conditumque
2517 5269 2599 5315 est
2668 5263 2900 5317 cadaver
2937 5264 2990 5317 in
3033 5279 3160 5320 arca
3224 5280 3458 5320 marmo-

194 5358 297 5400 rea
322 5345 463 5398 intra
488 5345 809 5399 monasterii
837 5355 1026 5415 portas
1047 5346 1200 5416 juxta
1234 5349 1516 5416 templum.

1425 5447 1684 5509 smaelis
1709 5450 2016 5513 Bullialdi
2057 5454 2242 5509 notte.

270 5539 386 5615 (64)
413 5541 519 5593 Kal
547 5543 794 5607 στείλας
821 5545 908 5608 εἰς
947 5543 1053 5597 τὸν
1076 5544 1236 5615 ρἧα
1262 5547 1538 5613 Ῥωσιάς.
1573 5551 1647 5604 De
1681 5552 1766 5606 liis

191 5613 413 5684 nuptiis
428 5626 597 5678 pauca
616 5614 920 5684 l’branzes.
954 5615 1047 5666 lib.
1094 5633 1108 5668 ι
1135 5613 1254 5684 cap.
1297 5617 1386 5671 38.
1415 5618 1565 5672 Illius
1598 5625 1768 5675 Annae

190 5681 574 5755 atltliosiaseu
615 5680 812 5735 Russia
847 5683 1054 5735 obitum
1106 5680 1370 5740 accidisse
1401 5703 1544 5743 anno
1604 5691 1763 5755 6925,

189 5751 403 5807 Christi
432 5749 588 5815 1H7,
635 5760 688 5804 et
739 5762 887 5818 peste
948 5767 1324 5825 consumptam
1393 5757 1562 5814 fuisse
1637 5749 1772 5816 seri;-

191 5825 298 5876 hit.

491 5918 757 5979 l’nROL.
796 5921 908 5983 Gn.
945 5922 1170 5984 CLVII.

1946 5552 2060 5620 (65)
2102 5552 2166 5603 '0
2195 5550 2265 5623 δὲ
2281 5549 2471 5623 ᾅλλος
2494 5550 2751 5623 ἠράσθη.
2785 5551 2944 5607 Hunc
2967 5552 3212 5623 ﬁliorum
3244 5554 3456 5623 Bajazi-

1875 5627 1946 5679 tis
1974 5634 2102 5676 natu
2164 5622 2454 5673 minimum
2525 5622 2900 5676 Christianum
2957 5622 3126 5676 fuisse
3189 5622 3457 5678 testantur

1876 5694 2144 5748 Lnonicus
2165 5690 2260 5743 lib.
2294 5707 2381 5761 tv,
2401 5690 2508 5761 qui
2529 5687 2713 5761 Jesu_m
2748 5708 2870 5746 eum
2896 5695 3149 5761 appellat,
3177 5704 3228 5746 et
3252 5693 3456 5749 Pbranv

1877 5780 1990 5821 aes.
2029 5762 2121 5813 lib.
2151 5779 2190 5825 ι,
2215 5774 2334 5827 cap.
2357 5759 2445 5831 30,
2467 5760 2626 5828 eique
2649 5758 2861 5831 Jusuph
2885 5758 2981 5816 seu
3015 5763 3307 5830 Josepbum
3359 5778 3456 5818 non

1882 5848 2002 5889 men
2038 5832 2209 5885 fuisse
2236 5830 2423 5886 tradit.

2937 5929 3014 5993 28
