4200 6454
189 385 285 446 897

1360 385 1720 444 HISTORIA
1776 385 2227 450 BYZANTINA.

3287 390 3391 452 898

187 503 247 570 δὴ
280 499 610 567 συνάψαντες
653 497 906 566 πόλεμον,
960 501 1050 551 καὶ
1096 498 1194 566 τὴν
1223 499 1513 552 νικῶσανὸ
1559 501 1725 568 Μεχε-

1840 498 1965 551 liam
2005 502 2330 555 contendere
2362 515 2484 553 eum
2525 501 2827 558 Turcorum
2872 504 3014 559 haud
3064 507 3259 576 exiguo
3301 527 3403 564 nu-

187 594 282 660 μὲτ
314 590 512 660 λαχὼν,
568 590 853 645 ἐδιώκοντο
906 593 1035 663 παρ’
1084 593 1248 646 αὑτοῦ
1300 595 1458 663 μέχρι
1508 595 1734 647 καὶτῶν

185 684 359 736 πυλῶν
383 684 781 752 Θεσσαλονίκης
811 685 926 753 (89)
962 688 988 736 ὁ
1016 685 1348 753 Μουσταφᾶς
1379 687 1475 739 σὺν
1505 688 1578 755 τῷ
1610 688 1736 748 TC:-

183 779 326 843 νεήτ.
370 776 709 829 ’Λνθὶσταντο
741 777 796 829 δὲ
829 777 926 829 σὺν
961 778 1160 843 ὀλίγοις
1181 769 1552 848 ⁴βο⁸ηοούμενοι
1581 778 1734 846 παρὰ

183 886 288 918 τιυν
322 869 567 922 πολιτῶν.
627 869 895 937 Ἐσπέρας
925 870 978 921 δὲ
1028 871 1129 941 ἤδη
1176 872 1498 940 γενομένης,
1533 872 1624 923 καὶ
1658 871 1733 939 μὴ
1778 897 1783 901 -

184 959 422 1022 Θέλοντες
453 961 701 1030 εἰσῆλθον
729 963 787 1012 ἐν
810 965 875 1030 τῇ
907 963 1074 1015 πίλει·
1102 965 1412 1033 Δημήτριος
1439 964 1494 1016 δὲ
1516 963 1736 1016 Atina-

187 1065 262 1114 pz,
294 1048 320 1098 ὁ
361 1053 652 1118 Λεοντάρις
683 1051 1038 1124 φιλοξενήσας
1079 1054 1295 1116 αὐτοὺς.
1341 1055 1432 1107 καὶ
1490 1073 1734 1125 παρηγο-

180 1143 368 1209 ρήσας,
402 1144 574 1208 λέγων
613 1143 834 1215 θαρῤεἰν
863 1148 940 1207 εἰς
972 1147 1033 1198 τὸ
1076 1147 1173 1213 τῆς
1208 1147 1378 1216 τύχης
1433 1149 1705 1217 εύμεταόο

180 1234 285 1298 λον,
339 1237 431 1287 καὶ
481 1237 752 1307 μηδεμίαν
816 1239 873 1289 ἒν
922 1238 996 1306 νῷ
1055 1238 1272 1307 βάλλειν
1324 1243 1582 1307 φροντίδα
1633 1245 1730 1294 τοῦ

176 1329 465 1397 προδοῦναι
503 1331 724 1392 τούτους
759 1331 834 1401 τῷ
869 1333 1146 1402 Μεχεμὲτ.
1177 1335 1226 1386 εἰ
1267 1337 1554 1404 ἐπρόκειτο
1599 1338 1730 1388 Θεσ-

179 1424 430 1493 σαλονίκη
463 1425 836 1493 παραδοθῆναι
865 1429 974 1488 τοῖς
1008 1427 1294 1496 Τούρκοις.
1345 1431 1730 1498 Θαρσήσαντες

173 1516 220 1567 δ’
252 1519 340 1567 ἐπὶ
389 1515 598 1578 τούτοις
637 1518 1166 1587 τοίιὺποςχομένοις
1218 1521 1364 1586 παρὰ
1393 1521 1487 1572 τοῦ
1540 1524 1729 1590 Δημη-

172 1608 346 1675 τρίου,
377 1607 750 1674 ἀφροντίστως
778 1606 1124 1675 ἐδείπνησαν,
1155 1609 1247 1660 καὶ
1273 1612 1350 1672 εἰς
1377 1608 1544 1662 ὕπνον
1573 1611 1728 1679 ἐτράο

171 1718 372 1766 πησαν.
443 1702 659 1768 Πριυΐας
707 1702 761 1754 δὲ
815 1704 1117 1770 γενομένης
1175 1704 1385 1770 πέμπει
1449 1706 1585 1773 προς
1638 1705 1728 1756 τὸν

172 1796 494 1860 Λεοντάριον
537 1794 564 1844 ὁ
609 1794 907 1860 Μαχουμὲτ
948 1794 1043 1846 ἕνα
1075 1794 1186 1845 τῶν
1217 1795 1494 1863 ἀρχόντων
1537 1796 1724 1860 αὑτοῦ,

167 1885 341 1949 λέγων
365 1901 378 1913 ⁸
416 1881 591 1945 Οἶδας
619 1883 874 1948 ἀκριϐῶς
904 1884 1017 1950 τὴν
1038 1883 1281 1950 ἀγάπην
1313 1884 1392 1948 ἢν
1419 1886 1726 1952 κέκτημαι,

167 1976 267 2028 καὶ
295 1976 404 2043 τὴν
429 1974 652 2044 Lippa-pi
684 1977 893 2043 φιλίαν
915 1977 1032 2028 σὺν
1059 1976 1136 2040 τῷ
1161 1976 1413 2038 ,βασιλεῖ
1447 1976 1561 2030 τῶν
1595 1979 1734 2030 Ῥω-

165 2071 386 2123 ιιαίων·
421 2068 504 2136 μὴ
532 2067 851 2136 ,βουληθῇς
881 2064 996 2122 οὖν
1043 2069 1446 2136 διασπαράξω
1482 2073 1728 2137 ταύτην,

164 2163 266 2214 καὶ
318 2164 404 2226 εἰς
459 2164 629 2226 τέλος
679 2162 994 2228 ἀφανίσαι,
1054 2162 1154 2214 καὶ
1221 2162 1397 2214 παντὶ
1457 2161 1536 2227 τῷ
1575 2164 1730 2232 γένει

177 2258 478 2323 Ῥωμαίων
540 2254 752 2324 ζημίαν
810 2256 1218 2324 προξενήσαι,
1283 2257 1380 2309 καὶ
1443 2257 1510 2309 ἐν
1562 2259 1730 2324 μέσῳ

163 2350 354 2417 ἡμῶν,
382 2351 475 2402 καὶ
509 2349 626 2402 τῶν
665 2351 962 2418 Ῥωμαίων
989 2351 1225 2415 είσάξαι
1252 2354 1475 2418 ἔχθραν
1503 2355 1654 2406 dum.
1669 2370 1730 2404 ν-

161 2443 275 2496 δον
299 2460 311 2472 ·
344 2443 502 2496 ἀλλὰ
535 2444 645 2509 τὴν
694 2444 1144 2510 κυνηγηθεῖσαν
1194 2445 1331 2511 παρ’
1359 2445 1488 2514 ἐμοὶ
1542 2446 1729 2512 θήραν

159 2536 392 2601 ἀπόδος
437 2553 558 2604 μοι.
596 2540 660 2590 Εἰ
690 2535 863 2604 δὲμὴ
918 2537 1094 2590 τοῦτο
1148 2540 1446 2604 ποιήσεις,
1496 2541 1728 2607 χαίρειν

157 2627 346 2681 εἰπών
371 2645 472 2695 μοι
507 2627 618 2692 τὴν
669 2629 880 2695 φιλίαν
914 2629 1029 2692 τὴν
1071 2631 1294 2697 ἔχθραν
1340 2631 1724 2698 ἁσπὰσομαι·

158 2719 260 2772 καὶ
292 2721 369 2782 ὡς
397 2721 464 2772 ἐν
490 2721 672 2788 tiliam
701 2720 813 2788 τὴν
857 2722 1039 2774 πόλιν
1083 2739 1199 2776 σου
1249 2723 1594 2788 παραλάϐω.
1629 2724 1728 2776 καὶ

154 2811 305 2875 τοὺς
361 2811 543 2865 ἔνδον
600 2815 1040 2881 αιγμτιλωτίσω,
1085 2814 1182 2866 καὶ
1239 2815 1355 2868 σοῦ
1412 2817 1526 2881 τὴν
1576 2815 1728 2882 (coin-

152 2901 382 2968 digestio,
419 2904 516 2954 καὶ
565 2904 708 2965 τοὺς
743 2903 992 2970 ἐχθρούς
1030 2921 1149 2970 μου
1179 2905 1247 2954 ἐν
1295 2905 1505 2971 χερσὶν
1558 2905 1729 2973 ἐμαῖς

153 2995 296 3056 ἔξω.
349 2993 480 3046 Τότε
511 2997 536 3046 ὁ
574 2997 678 3062 κίιρ
706 2996 1012 3063 Δημήτριος
1046 2996 1451 3064 φρονιμώτατος
1494 2999 1567 3050 ὢν
1605 2999 1728 3052 ἀντ-

149 3085 390 3154 έγραψε,
441 3085 612 3152 λέγων
643 3104 656 3117 ο
703 3088 1075 3144 Ἑπίστασαι.
1131 3090 1304 3157 Κύριε
1349 3091 1606 3158 ἡγεμὼν,
1639 3091 1726 3144 ὅτι

1837 605 2009 650 mero.
2056 593 2526 662 auxiliarilmsqne
2587 594 2966 652 \Valachorum
3032 602 3226 669 copiis,
3291 604 3408 671 ipse

1835 696 2050 752 quoque
2087 695 2275 738 contra
2307 686 2427 738 illos
2459 701 2580 738 cum
2609 695 2722 740 toto
2749 691 2993 743 exercitu
3039 694 3139 746 iter
3185 695 3401 765 dirigit:

1836 789 2070 843 cumque
2100 779 2262 831 ambo
2294 779 2560 832 est-.rcitus
2589 781 2639 832 in
2661 795 2792 851 agro
2817 780 3285 841 Tltessalonicensi
3307 789 3404 841 ob-

1835 868 1973 922 viam
2004 871 2106 924 sibi
2143 871 2372 924 invicem
2406 871 2531 925 facti
2568 883 2770 940 essent,
2812 875 3070 943 utrinque
3102 880 3216 934 acie
3267 897 3402 936 con-

1833 961 2094 1025 curritur,
2128 962 2455 1032 tntidemqne
2497 965 2727 1018 victoria
2765 964 3056 1021 Maltometi
3093 970 3278 1032 cessit,
3306 973 3400 1041 qui

1834 1050 2176 1120 Mustapham
2215 1059 2269 1106 et
2293 1053 2557 1108 Cineitem
2587 1056 2652 1109 ad
2688 1068 2873 1124 portas
2916 1075 3088 1128 usque
3115 1059 3401 1119 Thessalo-

1834 1144 1971 1197 nicae
2007 1143 2276 1212 fugientes
2301 1147 2577 1202 insecutus
2596 1156 2715 1202 est:
2744 1151 2828 1202 cui
2854 1154 3168 1208 restiterunt
3196 1170 3401 1224 pauco-

1832 1251 1952 1289 rum
1977 1236 2180 1290 civium
2218 1239 2422 1293 auxilio
2456 1241 2705 1307 protecti.
2723 1239 2955 1309 Vespere
2971 1243 3189 1310 deinde,
3211 1261 3402 1314 qnam-

1830 1328 1912 1380 vis
1940 1329 2191 1391 inviti,in
2225 1331 2412 1383 urbem
2463 1329 2686 1384 admissi
2731 1341 2877 1394 sunt,
2938 1343 2993 1387 et
3047 1349 3075 1387 a
3127 1337 3400 1391 Demetrio

1832 1419 2052 1473 Lascari
2087 1419 2378 1476 Leontario
2436 1423 2674 1476 humane
2732 1439 2795 1478 ac
2845 1427 3078 1480 comiter
3135 1432 3397 1499 suscepti,

1829 1512 2054 1579 ejusque
2072 1515 2414 1568 sermonibus
2436 1515 2723 1594 consolati.
2749 1515 2895 1584 Ipsos
2909 1519 3050 1572 enim
3072 1520 3135 1572 de
3157 1521 3371 1575 fortuna
3385 1563 3397 1583 ,

1830 1619 1949 1673 qua:
1971 1605 2242 1660 variabilis
2269 1607 2560 1660 admodum
2593 1617 2692 1665 est.
2726 1609 2864 1662 bene
2895 1625 3123 1678 sperare
3146 1614 3255 1682 66
3277 1617 3403 1668 bor-

1832 1703 1993 1754 tatur.
2027 1713 2198 1766 neque
2227 1698 2309 1751 vel
2335 1699 2557 1752 minima
2589 1702 2896 1770 suspicione
2922 1714 3016 1757 aut
3073 1717 3217 1758 metu
3280 1718 3400 1760 tur-

1831 1786 2060 1848 bari,ne
2095 1787 2380 1842 Mabometi
2422 1793 2744 1860 prodantur,
2790 1794 2894 1848 etsi
2951 1793 3397 1852 Thessalonicam

1836 1875 2033 1931 Turcis.
2053 1880 2169 1932 dedi
2218 1891 2485 1948 oporteat.
2536 1881 2628 1936 liis
2670 1883 2927 1939 Demetrii
2986 1888 3166 1941 verbis
3217 1890 3400 1943 animo

1833 1971 1999 2024 erecti
2035 1971 2182 2024 omni
2220 1974 2581 2027 sollicitudine
2608 1977 2852 2044 deposita
2873 1989 3113 2038 cmnant.
3167 1989 3220 2033 et
3269 1982 3400 2034 dor-

1833 2061 2025 2113 tnitum
2059 2062 2280 2117 abeunt.
2318 2062 2419 2116 Ubi
2446 2081 2572 2118 vero
2609 2067 2806 2131 illuxit,
2843 2067 3173 2125 Maltometes
3228 2089 3395 2126 unum

1831 2150 1896 2204 de
1932 2151 2168 2207 ducibus
2195 2156 2308 2208 suis
2338 2156 2403 2208 ad
2436 2156 2782 2211 Leontarinm
2815 2161 2999 2224 tnittit,
3032 2163 3123 2230 qui
3150 2164 3226 2216 sic
3272 2181 3396 2217 eum

1831 2243 2196 2311 alloqueretur
2228 2262 2240 2298 :
2270 2246 2439 2300 Probe
2471 2251 2630 2311 nosti,
2657 2266 2813 2317 quam
2845 2255 3109 2306 constanti
3162 2258 3399 2309 amicitia

1832 2351 1893 2386 ac
1919 2333 2193 2390 dilectione
2219 2339 2584 2405 imperatorem
2606 2339 2934 2395 Iiantmornm
2967 2361 3276 2413 prosequar.
3300 2348 3401 2400 Ca-

1831 2441 1886 2477 ve
1919 2442 2037 2494 ergo
2069 2444 2131 2479 ne
2161 2443 2273 2479 eam
2305 2427 2606 2495 labefactes,
2635 2447 2947 2500 prorsusque
2969 2436 3216 2500 perimas,
3239 2453 3400 2505 neque

1829 2518 1988 2570 eIiam
2029 2519 2279 2571 nniversw
2315 2519 2643 2573 liontaeorum
2673 2525 2814 2592 genti
2844 2524 3096 2576 damnum
3129 2544 3394 2590 accersas,

1831 2621 1920 2662 ant
1954 2613 2089 2664 inter
2127 2629 2217 2665 nos
2249 2623 2297 2666 et
2331 2611 2565 2666 Romwos
2601 2616 2906 2669 inimicitias
2951 2621 3198 2685 capitales
3245 2636 3398 2673 exer-

1831 2705 1979 2755 ccndi
1994 2721 2205 2756 causam
2235 2707 2467 2772 prtebeas
2499 2722 2517 2768 ;
2546 2709 2671 2775 quin
2694 2710 2863 2775 potius
2889 2711 3147 2777 pra'dam,
3183 2714 3234 2763 in
3270 2717 3400 2766 retia

1832 2796 2158 2864 compulsam
2191 2798 2347 2850 redde
2389 2799 2535 2852 nti/ti.
2559 2799 2652 2853 Sin
2681 2803 2856 2854 minus
2921 2804 3014 2855 hoc
3068 2809 3399 2872 prtestitcris,

1832 2907 1862 2941 a
1890 2901 1935 2942 te
1963 2891 2267 2942 renuntiata
2301 2892 2430 2944 milii
2455 2893 2713 2957 amicitia,
2747 2904 2892 2947 tuum
2915 2897 3110 2949 hostem
3161 2917 3238 2952 me
3279 2913 3400 2968 pro-

1828 2985 1979 3052 fiteor
2011 3002 2029 3038 :
2059 3002 2217 3054 quam
2237 2989 2504 3040 celerrime
2521 2988 2696 3040 urbem
2722 2997 2866 3040 tuam
2887 2990 3174 3053 debellabo,
3195 3009 3400 3046 manes-

1829 3095 1924 3147 que
1959 3079 2100 3130 illius
2126 3080 2323 3133 incolas
2350 3080 2442 3133 sub
2469 3081 2649 3148 iugum
2690 3083 2921 3144 mittam,
2956 3100 2982 3135 e
3015 3085 3246 3136 virorum
3305 3103 3402 3137 nn-

149 3177 271 3244 ἐγὼ
300 3179 408 3230 οὐκ
439 3179 555 3245 εἰμὶ
608 3177 930 3245 δεσπότης,
963 3181 1121 3234 ἀλλὰ
1151 3180 1373 3245 δοῦλος
1423 3183 1715 3250 τυγχάνω.

1826 3187 1962 3224 mero
1993 3182 2040 3223 te
2070 3187 2385 3242 expungam,
2417 3189 2728 3242 cunctosth
2786 3176 2957 3228 hostes
2992 3191 3126 3228 meos
3171 3178 3222 3230 in
3255 3190 3402 3246 pots-

147 3268 256 3320 και
294 3271 363 3320 οὺ
384 3271 578 3336 μόνον
604 3268 709 3323 τοῦ
734 3270 1040 3337 ,ϐασιλέως
1084 3272 1405 3340 Ῥωμαίων,
1431 3275 1595 3328 ἀλλὰ
1623 3276 1718 3327 καὶ

147 3363 464 3427 adq-ensi
517 3362 645 3425 υἱὸς
701 3363 885 3417 αὑτοῦ
936 3365 1193 3433 ἐτάχθης
1244 3365 1520 3422 εἶναιοτὸ
1573 3370 1723 3436 γοῦν

145 3458 686 3526 προσταττόμενον
713 3458 873 3526 παρὰ
911 3458 1009 3513 σοὶ
1044 3457 1219 3527 χρέος
1247 3459 1380 3515 ἐστὶ
1425 3461 1532 3516 τοῦ
1568 3466 1722 3529 πλη-

137 3545 366 3613 ρῶσαι,
423 3548 522 3599 καὶ
573 3551 660 3612 είς
712 3545 898 3614 πέρας
948 3548 1136 3616 ἄγειν.
1193 3551 1368 3619 Πλὴν
1418 3553 1592 3620 χρέος
1625 3553 1722 3605 καὶ

146 3639 334 3691 τοῦτο
377 3639 523 3705 ἐμόν
556 3639 710 3701 ἐστι,
757 3639 823 3691 τὸ
854 3641 924 3692 τὰ
971 3643 1286 3708 συμϐάντα
1341 3643 1437 3695 καὶ
1499 3644 1578 3708 τῷ
1605 3644 1723 3713 ἐμῷ

137 3730 405 3795 βασιλεῖ
431 3731 671 3797 Trinacia
703 3731 949 3800 ποιῆσαι
977 3745 992 3762 ο
1029 3733 1125 3785 καὶ
1158 3734 1269 3802 γὰρ
1301 3737 1412 3789 οὐκ
1445 3737 1573 3792 ἐστὶ
1608 3737 1725 3791 τῶν

141 3825 468 3888 τυχόντων
506 3822 776 3888 Τούρκων
817 3825 849 3876 ό
879 3823 949 3876 ἐν
979 3822 1053 3891 τῇ
1083 3825 1244 3893 αὐλῇ
1291 3829 1583 3882 εἰσελθὼν
1616 3830 1723 3884 τοῦ

134 3915 482 3980 βασιλέως,
529 3914 890 3982 διωκόμενος
919 3916 999 3980 ὠς
1043 3917 1256 3984 πέρδιξ
1297 3921 1415 3974 ὑπὸ
1465 3923 1720 3989 ίέρακος,

138 4011 335 4061 ἕνεκα
368 4009 686 4074 σωτηρίας,
716 4008 849 4060 ἀλλ’
880 4009 1144 4078 ἀδελφὸς
1173 4014 1305 4076 σὸς,
1350 4016 1428 4078 ὡς
1456 4017 1679 4082 ἔμαθον
1706 4034 1720 4047 ·

137 4105 199 4155 εἰ
235 4101 306 4152 δὲ
337 4100 435 4153 καὶ
474 4098 590 4151 τῶν
635 4101 941 4165 τυχόντων
967 4096 1075 4163 εἷς,
1119 4103 1244 4154 οὐδ’
1279 4104 1463 4155 αὑτὸν
1508 4106 1584 4156 ἄν
1625 4123 1723 4158 σοι

136 4194 386 4247 δέδωκα
445 4193 549 4244 τοῦ
592 4191 901 4256 βασιλέως
950 4193 1035 4260 μὴ
1089 4198 1566 4263 προτρέψαντος.
1627 4201 1722 4251 Διὸ

136 4287 396 4340 ἱκετεύω
447 4283 763 4348 δουλικῶς,
819 4288 1150 4354 ὑπόμεινον
1189 4289 1437 4355 ὀλίγον·
1495 4289 1608 4357 ἐ)ὼ
1657 4291 1725 4342 δὲ

133 4375 220 4443 τῇ
249 4376 374 4442 ὥρᾳ
421 4377 608 4440 ταύτῃ
641 4379 848 4442 μηνύω
878 4375 958 4439 τῷ
1002 4377 1257 4439 ,ϐασιλεῖ
1283 4380 1351 4432 τὰ
1408 4385 1718 4448 γενόμενα,

1826 3274 2011 3316 starem
2041 3281 2206 3317 meum
2240 3266 2507 3320 reducam.
2539 3267 2692 3320 Dom.
2717 3266 3020 3322 Demetrius
3047 3284 3141 3337 pro
3172 3284 3258 3334 ea,
3297 3285 3401 3338 qua

1825 3357 2082 3425 pollebat,
2104 3357 2389 3425 prudentia
2421 3359 2502 3410 ltlS
2535 3359 2710 3412 verbis
2745 3359 2892 3414 illico
2937 3363 3214 3430 respondit
3244 3381 3257 3416 :
3291 3363 3402 3417 Νο-

1826 3450 1915 3512 sti,
1949 3448 2164 3502 Domine
2202 3449 2507 3517 imperator,
2532 3466 2681 3518 penes
2712 3468 2792 3505 me
2828 3454 3234 3522 nonesse'ltuﬁts
3253 3457 3399 3513 urbis

1825 3543 2139 3603 dominium.
2177 3545 2265 3596 sed
2293 3559 2388 3611 pro
2419 3561 2565 3597 servo
2593 3561 2652 3596 ac
2679 3547 2920 3598 ministro
2951 3564 3029 3600 me
3051 3564 3247 3616 gerere,
3297 3569 3397 3602 non

1829 3649 2034 3690 tantum
2057 3640 2389 3702 imperatoris
2422 3637 2778 3700 Remiserunt,
2830 3642 2918 3692 sed
2965 3649 3011 3693 et
3064 3652 3154 3695 ttto
3187 3659 3206 3704 ;
3237 3645 3400 3710 siqni-

1825 3733 1940 3784 dem
1971 3731 2110 3783 inter
2138 3730 2283 3783 illius
2314 3731 2502 3783 liberos
2548 3740 2595 3784 te
2635 3733 2896 3784 adscitum
2936 3735 3166 3788 voluisti.
3219 3735 3286 3788 In
3339 3753 3400 3790 ea

1825 3823 2042 3890 proinde
2073 3823 2374 3876 conditione
2399 3839 2535 3884 sunt,
2561 3832 2617 3875 ut
2645 3826 2899 3877 mandata
2943 3837 3033 3879 tua
3077 3829 3307 3897 exsequi,
3353 3837 3402 3882 et

1827 3919 1895 3967 ad
1944 3917 2100 3984 ﬁnem
2159 3914 2434 3981 perducere
2482 3915 2717 3969 debeant.
2782 3915 3141 3970 Verumtamen
3188 3921 3403 3972 aliunde

1826 4012 1985 4064 etiam
2011 4011 2160 4078 oﬂicii
2189 4010 2284 4062 mei
2303 3991 2439 4060 ratio
2471 4008 2722 4072 postulat,
2757 4018 2810 4059 ut
2833 4009 3200 4074 imperatorem
3232 4027 3401 4064 meum

1827 4105 1890 4156 de
1925 4111 2106 4154 eventu
2144 4117 2314 4153 rerum
2350 4101 2626 4152 certiorem
2662 4100 2875 4168 faciam.
2943 4097 3064 4151 Non
3110 4103 3294 4153 etenim
3341 4103 3404 4153 de

1831 4191 2294 4250 ancorumtnrba
2330 4190 2417 4242 ille
2440 4199 2538 4254 est,
2571 4191 2659 4256 qui
2708 4189 2760 4240 in
2815 4189 3142 4255 imperatoris
3192 4192 3402 4244 domum

1828 4287 2085 4354 confugit,
2124 4301 2225 4337 non
2269 4285 2423 4336 aliter
2451 4299 2610 4351 quam
2645 4282 2833 4350 perdia:
2871 4284 2934 4333 ab
2967 4283 3216 4349 accipitre
3262 4299 3403 4334 com-

1826 4381 2007 4449 pulsa,
2043 4379 2269 4431 salutem
2292 4375 2391 4429 sibi
2423 4390 2694 4443 quiet-ens;
2732 4386 2785 4424 at
2813 4374 3119 4436 [ratertnus
3175 4374 3263 4425 ille
3302 4384 3398 4427 est.

134 4472 247 4523 xui
283 4469 363 4532 ὡς
391 4469 505 4536 χρὴ
542 4469 812 4521 κελεύειν
840 4470 1131 4522 κελευέτω
1157 4487 1170 4499 ·
1202 4470 1315 4539 ἐγὼ
1345 4472 1410 4524 δὲ
1441 4475 1505 4525 τὸ
1537 4491 1718 4542 προσ-

1827 4474 2005 4542 Νιίτιιε
2031 4473 2186 4525 etiam
2228 4471 2363 4521 hunc
2400 4468 2514 4530 tibi,
2540 4468 2769 4534 quamvis
2803 4466 2995 4532 inﬁnite
3051 4468 3205 4519 sortis
3242 4467 3403 4519 lit-mi-

127 4559 372 4628 ταχθὲν
420 4559 718 4626 rnlnptbcw
727 4599 741 4612 .

1828 4583 1961 4628 nem,
1991 4564 2269 4624 traderem,
2291 4561 2459 4611 nisiid
2492 4561 2542 4611 in
2578 4559 2842 4610 mandatis
2875 4559 3217 4614 miltidcderit
3245 4565 3402 4632 impc-

131 4665 319 4708 rator.
356 4653 688 4720 Quapropter
718 4663 768 4704 ut
792 4670 1018 4706 .servutn
1049 4656 1452 4723 a'ecet,supplea:
1481 4666 1530 4710 te
1553 4670 1739 4720 oro,nt
1777 4662 2044 4729 paulisper
2069 4663 2373 4723 exspectare
2408 4653 2553 4716 t'elis,
2575 4654 2786 4717 ipsoque
2851 4655 3095 4720 temporis
3149 4671 3402 4710 momento

130 4761 522 4815 imperatorem
547 4749 608 4800 de
631 4749 710 4801 Itis
730 4763 847 4815 qua:
889 4751 1216 4815 contigerunt
1274 4751 1545 4803 certiorem
1605 4752 1845 4820 reddam,
1888 4754 1994 4819 ipse
2034 4767 2154 4805 vero
2186 4765 2282 4818 pro
2343 4748 2495 4800 libitu
2553 4745 2762 4814 jubeat,
2807 4749 3057 4799 mandata
3116 4749 3279 4815 ipsius
3325 4769 3400 4802 ac-

132 4853 336 4897 curate
395 4857 666 4908 exsequar.

217 4936 487 4994 Ἀκούσας
521 4930 614 4986 οὖν
644 4935 769 4994 τοὺς
820 4933 1010 4996 λόγους
1060 4934 1283 4997 τούτους
1333 4935 1359 4986 ὁ
1392 4935 1721 5005 Μαχουμὲτ,

129 5029 536 5096 συγκατέθετο
571 5025 666 5079 τοῦ
708 5025 963 5094 γενέσθαι
991 5027 1049 5078 τὸ
1096 5028 1341 5095 μήνυμα’
1376 5027 1596 5094 γράψας
1627 5029 1720 5080 καὶ

124 5123 316 5185 αὐτὸς
370 5122 461 5174 τὸν
512 5120 734 5191 βασιλέα
781 5118 851 5172 τὰ
903 5118 1190 5182 δοκοῦντα,
1249 5120 1340 5170 καὶ
1375 5120 1716 5188 παρακαλῶν

1337 5233 1629 5292 Ismaelis
1665 5232 1966 5294 Bullialdi
2003 5242 2190 5291 notte.

1907 4933 2058 4988 Talia
2090 4945 2211 4985 cum
2243 4927 2504 4982 audiissct
2539 4926 2892 4993 Malmmetes,
2933 4929 3206 4982 consensit
3256 4940 3311 4983 ιιι
3336 4931 3400 4984 ad

1835 5027 2225 5093 imperatorem
2260 5023 2326 5076 de
2364 5021 2482 5074 istis
2506 5019 2801 5072 referretur
2832 5038 2844 5073 :
2898 5021 3011 5089 ipse
3041 5038 3254 5091 qiioqne
3307 5040 3401 5092 per

1827 5121 2035 5174 litteras
2070 5116 2236 5169 animi
2270 5113 2593 5168 sententiain
2619 5114 2666 5164 ci
2696 5114 2887 5181 aperit,
2940 5114 3296 5184 hortaturque
3336 5134 3400 5169 ne

211 5359 335 5425 (89)
393 5360 576 5426 Mbyn
651 5359 745 5412 καὶ
801 5360 918 5411 τῶν
978 5359 1190 5412 πυλῶν
1249 5361 1729 5425 Θεσσαλονίκης.

122 5431 426 5488 Laonieus
454 5428 588 5482 dicit
635 5430 928 5482 Thermam
959 5431 1194 5492 venisse,
1226 5438 1420 5496 captos
1449 5428 1731 5482 COnstan-

121 5499 437 5568 tinopolim
483 5500 745 5553 deductos
788 5498 989 5552 fuisse:
1023 5515 1210 5552 verum
1267 5498 1512 5551 auctoris
1553 5501 1726 5553 nostri

122 5571 399 5626 narratio
457 5569 686 5636 amplior
741 5579 840 5628 est.
895 5578 946 5620 et
982 5569 1411 5622 circumstantiis
1460 5571 1727 5634 appositis

121 5640 407 5693 lucidior.
463 5640 518 5690 In
546 5644 789 5706 margine
817 5639 945 5691 editi
981 5639 1204 5704 Laoniei
1228 5677 1240 5696 ,
1272 5652 1412 5690 anno
1452 5637 1586 5690 1615
1623 5639 1724 5691 Co-

124 5710 314 5760 lonia:
368 5709 736 5776 Allobrogum,
767 5706 998 5761 Thcrma
1035 5717 1260 5761 meatur
1299 5707 1718 5772 Thessalonica;

123 5780 389 5838 'l‘berma
429 5778 676 5844 equidem
704 5795 731 5831 a
760 5778 1148 5839 Thessalonica
1209 5793 1315 5830 non
1348 5777 1503 5849 longe
1538 5777 1712 5842 abest,

1833 5369 1887 5411 et.
1926 5360 2077 5413 sinus
2109 5356 2423 5411 Thermaici
2455 5359 2565 5410 oris
2596 5367 2826 5424 utraque
2862 5357 3096 5424 adjacet.
3129 5358 3398 5413 Posterio-

1835 5429 1984 5482 ribus
2012 5427 2358 5498 temporibus
2420 5426 2811 5479 Thessalonica
2845 5427 3113 5496 appellata
3139 5439 3244 5489 est,
3277 5448 3400 5498 qua)

1831 5499 1959 5551 olim
2009 5497 2244 5549 Thermi;
2277 5515 2290 5550 :
2329 5501 2371 5550 si
2399 5513 2586 5550 verum
2619 5507 2700 5549 est
2727 5498 3099 5550 teStitnoniuni
3136 5497 3394 5565 auctoris,

1828 5569 1918 5635 qui
1952 5567 2279 5635 Catalogum
2317 5569 2602 5634 descripsit
2639 5567 2855 5619 urbium
2895 5569 3124 5634 aliquot.
3159 5586 3392 5635 quorum

1828 5641 2066 5707 nomina
2090 5646 2297 5690 mutata
2324 5649 2448 5690 sunt
2480 5655 2491 5690 :
2524 5638 2715 5705 Θέρμῃ
2753 5639 2841 5688 καὶ
2875 5638 3116 5705 Ἢμαθία
3146 5640 3397 5707 ήΘεσσα-

1827 5706 2032 5776 λονὲκη.
2058 5706 2243 5762 Exstat
2277 5707 2328 5762 in
2360 5724 2462 5761 ms.
2500 5708 2589 5759 lib.
2635 5708 2763 5759 ISSi
2791 5708 2922 5760 Bibl.
2960 5711 3091 5775 ltrg.
