4164 6454
262 446 368 508 905

1450 442 1827 503 HISTORIA
1873 439 2323 498 BYZANTINA.

3391 431 3493 491 903

261 557 498 624 Πέρσας,
530 555 587 616 ὃς
620 554 714 606 καὶ
738 552 1015 624 θυγατέρα
1077 551 1322 614 Ἀλεξίου
1385 550 1476 602 τοῦ
1541 547 1824 620 Κομνηνοῦ

1929 547 2152 609 Amasii,
2184 559 2235 600 et
2284 546 2690 599 Turco-Persas
2741 544 2978 614 ejusdem
3021 558 3208 599 secum
3255 544 3486 610 generis,

261 648 530 716 βασιλέως
563 647 998 715 Τραπεζούντων
1041 646 1121 707 είς
1175 645 1354 713 γάμον
1407 643 1680 712 ἠγάγετο·
1732 641 1824 693 καὶ

261 741 373 810 γὰρ
398 739 763 802 ἀτακτοῦντες
807 739 1068 799 πολλάκις
1115 737 1165 789 oi
1225 738 1321 806 τῆς
1379 735 1669 805 Ἀμασίας,
1731 733 1825 786 καὶ

264 835 390 898 τοὺς
417 835 840 902 Τουρκοπέρσας
868 830 1325 902 προσκαλοῦντες,
1389 830 1514 882 ἐπεὶ
1540 829 1826 897 ὁμογενεῖς

259 929 354 979 καὶ
410 928 710 997 ἐμοδίαιτοι
751 928 1132 995 τυγχάνουσιν,
1192 925 1273 988 είς
1339 922 1677 976 ἀποστασίαν
1719 938 1826 989 χω-

262 1021 485 1088 ροῦντες
521 1021 823 1088 ἐφαίνοντο.
876 1022 997 1073 Δεῖν
1051 1019 1202 1088 ᾠήθη
1236 1019 1264 1068 6
1315 1015 1598 1086 παρελῡὼν
1646 1015 1824 1084 Μεχε-

263 1113 364 1180 μὲτ
401 1115 427 1165 ό
457 1113 639 1181 πατὴρ
673 1111 861 1176 αὐτοῦ,
897 1110 1200 1180 ἐγχειρίσαι
1257 1108 1354 1179 τὴν
1416 1107 1691 1176 ἐπαρχίαν
1747 1104 1825 1175 τῷ

262 1203 364 1271 υἱῷ
396 1203 581 1268 αὐτοῦ,
611 1205 705 1257 καὶ
737 1206 1083 1270 καταστῆσαι
1127 1200 1314 1254 τοῦτον
1370 1200 1562 1269 κύριον
1607 1201 1666 1250 ὲν
1713 1199 1826 1260 τοῖς

263 1297 436 1364 ὁρίοις
464 1298 720 1360 ἐκείνοις,
753 1298 845 1348 καὶ
875 1294 1120 1363 κεφαλὴν
1156 1294 1290 1362 πρὸς
1341 1293 1562 1360 Πέρσας
1599 1292 1827 1344 ἀντιπα-

262 1389 640 1456 ρατάττουσαν
669 1405 682 1418 ·
719 1387 793 1448 ὡς
825 1387 1081 1448 κάκεῖνος
1142 1388 1198 1436 ὲν
1231 1387 1296 1452 τῇ
1356 1381 1642 1452 Ἀδριανοῦ
1691 1381 1824 1450 πρὸς

274 1478 602 1546 Ῥωμαίους,
641 1477 895 1538 Οὖννους,
959 1478 1222 1544 Βλὰχους,
1265 1475 1522 1543 Σέρόους,
1589 1473 1827 1539 Βουλγά-

266 1587 391 1636 ρους
419 1569 546 1638 δόρυ
582 1569 769 1630 κινῶν,
802 1571 859 1621 ἐν
885 1568 1036 1638 πάσῃ
1063 1569 1128 1636 τῇ
1178 1565 1336 1635 Ἀσίᾳ
1385 1566 1480 1617 καὶ
1524 1564 1714 1634 Θρᾴκῃ
1767 1562 1829 1614 τὸ

202 1692 210 1700 -
264 1660 505 1727 ὑπήκοον
538 1662 593 1712 ὲν
622 1660 900 1729 εὐπραγίᾳ
929 1660 1162 1727 διάγειν.

334 1753 653 1822 Κληρωθεὶς
683 1749 776 1806 οὖν
805 1757 832 1803 ὁ
871 1753 1096 1819 Μουρὰτ
1130 1752 1241 1819 Πὲγ
1275 1753 1373 1818 τὴν
1404 1749 1676 1821 ἁρχηγίαν
1729 1751 1829 1802 οὐκ

263 1848 576 1914 ἀταράχως,
617 1845 726 1898 οὐδ’
762 1845 890 1897 ἄνευ
954 1845 1128 1913 ζάλης
1177 1843 1449 1910 εἰσῆλθεν,
1492 1841 1628 1894 ἀλλὰ
1688 1840 1826 1910 μετὰ

1928 640 2294 708 similiumque
2314 655 2523 692 morum
2551 639 2826 703 homines,
2852 639 2916 690 ad
2947 653 3072 691 suas
3096 645 3281 706 partes
3307 636 3492 688 trahe-

1929 734 2075 798 bant,
2106 733 2177 786 ita
2203 742 2260 786 ut
2296 732 2587 787 defectioni
2624 731 2855 799 proximi
2893 739 3251 797 nutantesque
3297 730 3350 782 in
3391 728 3493 781 lide

1925 825 2256 881 viderentur.
2281 827 2646 891 Quamobrem
2669 824 2961 878 defunctus
2982 822 3308 875 Malromctes
3330 821 3494 890 hujus

1927 925 2099 986 pater,
2135 917 2304 972 lilium
2340 933 2500 973 suum
2532 918 2617 971 isti
2660 915 2959 986 proxiuciae
2993 915 3265 982 przeliecre
3301 929 3491 966 neres-

1926 1008 2128 1062 sarium
2148 1011 2330 1062 duxit:
2356 1009 2583 1063 istorum
2609 1008 2838 1061 limitum
2863 1007 3141 1060 dominum
3163 1004 3495 1056 constituere

1926 1099 2160 1168 bellique
2220 1107 2413 1153 ducem
2477 1099 2740 1153 adversus
2793 1097 2988 1152 Persas
3037 1109 3351 1166 opponere;
3389 1110 3495 1160 quo

1925 1200 2084 1256 pacto
2117 1188 2264 1257 ipse,
2296 1189 2649 1257 Adrianopoli
2711 1189 2920 1257 imperii
2954 1189 3079 1241 sede
3120 1186 3379 1240 collocata
3431 1185 3494 1235 ad

1926 1280 2259 1332 coercendos
2305 1279 2584 1342 Romams,
2620 1278 2866 1344 Hunnos,
2914 1277 3228 1339 Walachos,
3278 1276 3497 1329 Servius

1927 1378 1979 1423 et
2003 1368 2293 1436 Bulgaros,
2326 1371 2380 1425 in
2408 1374 2573 1426 armis
2606 1388 2820 1441 semper
2841 1381 2977 1433 erat,
3000 1372 3051 1424 in
3070 1385 3134 1424 eo
3160 1371 3414 1422 laborans
3443 1379 3500 1420 ut

1928 1460 2129 1515 subditi
2161 1463 2271 1528 sui,
2303 1465 2593 1532 perAsiam
2628 1474 2684 1519 et
2707 1465 3016 1530 Thraciam,
3051 1463 3304 1517 secundis
3340 1462 3500 1513 rebus

1930 1566 2168 1621 paceque
2198 1554 2527 1608 fruerentur.

1999 1735 2186 1804 Itaque
2268 1753 2388 1791 eum
2427 1739 2771 1796 lmreditario
2795 1741 2917 1809 jure
2949 1739 3238 1808 imperium
3272 1738 3500 1804 adeptus

1932 1825 2127 1880 fuisset
2154 1827 2390 1883 Morates
2415 1829 2613 1897 Begus,
2651 1831 2794 1885 haud
2824 1831 2942 1885 sine
2973 1831 3208 1884 tumultu
3243 1841 3297 1882 et
3329 1828 3497 1880 cladi-

265 1903 479 1987 πολλοί
625 1935 878 2002 οορύϐου,
927 1903 1021 1985 καὶ
1051 1903 1296 2003 μεγάλης
1320 1931 1525 1998 ζημίας
1556 1930 1647 1982 τὸν
1677 1903 1824 1982 κότι-

1929 1916 2025 1970 bus
2058 1920 2269 1987 magnis
2326 1920 2580 1973 thronum
2636 1923 3000 1976 conscendit:
3046 1936 3254 1984 verum,
3316 1921 3493 1972 turbis

263 2044 355 2079 νον
383 2027 598 2089 ἕλαόεν,
628 2025 702 2088 ὠς
735 2027 762 2077 6
789 2025 946 2091 λόγος
989 2025 1204 2090 φθάσας
1259 2022 1491 2090 δηλώσει
1519 2036 1531 2049 ·
1571 2021 1666 2072 καὶ
1717 2021 1824 2088 γὰρ

202 2111 210 2118 ’
262 2120 290 2170 6
314 2116 510 2169 τούτου
544 2119 725 2185 πατὴρ
761 2114 1107 2183 νοσηλευθεὶς
1144 2113 1534 2182 προσκαλεῖται
1567 2112 1659 2164 τὸν
1681 2110 1827 2176 πρῶ-

262 2223 356 2257 τον
384 2206 494 2256 τῶν
558 2204 901 2272 μεγιστάνων
959 2204 1149 2266 αὑτοῦ,
1189 2203 1246 2256 ὃν
1304 2204 1397 2256 καὶ
1450 2202 1674 2272 βεζίρην
1734 2201 1828 2253 καὶ

264 2301 481 2352 πασσᾶν
539 2299 679 2350 κατὰ
746 2297 842 2367 τὴν
899 2296 1082 2349 αὐτῶν
1134 2297 1360 2349 καλοῦσι
1422 2299 1627 2364 φωνὴν,
1668 2295 1729 2347 δν
1777 2297 1825 2346 οἱ

275 2389 543 2458 Ῥωμαῖοι
638 2388 926 2456 πατρίκιον
1022 2388 1118 2440 καὶ
1206 2388 1509 2455 μεσάζοντα
1588 2386 1824 2452 λέγουσι.

267 2480 480 2550 Ὀνομα
516 2481 592 2549 τῷ
615 2482 771 2550 ἀνδρὶ
819 2479 1106 2551 Παγιαζὴτ
1143 2480 1276 2549 (96),
1306 2481 1497 2546 γένους
1531 2478 1824 2541 Ἀλϐανῶν,

262 2571 327 2622 ἐκ
351 2569 601 2621 παιδόθεν
657 2569 754 2637 τὴν
814 2568 1069 2638 δουλικὴν
1118 2568 1288 2638 τύχην
1350 2566 1555 2636 λαχὼν,
1599 2569 1691 2619 καὶ
1749 2566 1828 2635 τῷ

262 2659 517 2728 Μεχεμὲτ
560 2659 672 2725 Πὲγ
711 2656 885 2710 συνὼν
917 2657 973 2709 ἓν
1032 2675 1090 2710 τε
1119 2656 1484 2726 δυσπραγίαις
1519 2660 1614 2708 καὶ
1647 2657 1829 2723 Olidae-

264 2767 368 2803 σιν.
404 2750 525 2803 Ἔτι
550 2751 666 2811 νέος
697 2748 772 2802 ὢν
804 2752 833 2803 6
860 2749 1114 2818 Μεχεμὲτ
1157 2751 1312 2817 παρὰ.
1353 2747 1449 2801 τοῦ
1481 2747 1698 2817 Ταμὺρ,
1735 2748 1828 2800 τυῦ

263 2843 355 2894 τὸν
393 2843 604 2910 πατέρα
641 2840 835 2893 τούτου
861 2858 1197 2905 κτειναντος,
1233 2840 1564 2909 διωκόμενος
1598 2844 1655 2891 ὲν
1719 2842 1830 2901 τοῖς

261 2934 417 3001 ὄρεσι
447 2935 709 2995 Γαλατίας
749 2935 805 2985 εν
829 2935 998 3001 ὁρίοις
1045 2932 1317 3000 ’Δγκύρας
1369 2934 1466 3000 τῆς
1506 2932 1732 2993 πόλεως,
1774 2932 1831 2984 ὲν

261 3022 344 3088 οἷς
378 3027 519 3080 καὶὸ
555 3027 790 3094 πόλεμος
819 3028 1025 3086 ἐκεῖνος
1056 3027 1084 3077 6
1127 3026 1324 3093 μέγας,
1386 3024 1444 3075 ὃν
1481 3021 1768 3091 προλαὸὼν
1803 3030 1831 3075 6

265 3118 425 3181 λόγος
457 3118 716 3186 ἐδήλωσε,
770 3117 943 3169 πολλὰ
979 3118 1129 3170 δεινὰ
1197 3117 1289 3169 καὶ
1349 3115 1714 3184 ταλαιπωρίας
1749 3116 1829 3167 ὅτι

1929 2010 2091 2062 variis
2145 2018 2371 2063 vexatus
2423 2011 2743 2080 damnisque
2827 2013 3072 2077 alIcctus,
3124 2010 3366 2064 victoria:
3407 2026 3500 2061 co.

1932 2115 2120 2154 ronam
2182 2103 2513 2169 oleagineam
2567 2105 2885 2173 reportavit,
2933 2115 2990 2158 ut
3046 2120 3171 2157 mox
3224 2103 3498 2156 narraturi

1930 2207 2139 2245 sumus.
2177 2191 2350 2262 Hujus
2410 2197 2659 2263 equidem
2717 2207 2870 2265 pater
2903 2213 3024 2250 cum
3085 2200 3276 2250 lilOI'ilO
3334 2198 3498 2249 decu-

1929 2283 2151 2350 buisset,
2193 2287 2257 2340 ad
2285 2303 2342 2340 se
2368 2297 2522 2342 vocat
2551 2299 2859 2355 maguatum
2894 2291 3030 2343 aulae
3054 2306 3163 2344 sua:
3189 2292 3491 2359 principem

1928 2392 2090 2442 quem
2126 2379 2356 2432 vezirem
2391 2389 2444 2433 et
2486 2380 2703 2435 bassam
2736 2383 2916 2450 lingua
2949 2399 3043 2436 sua
3075 2384 3362 2452 appeliant,
3395 2384 3501 2452 70

1931 2465 2136 2522 Barnaai
2173 2485 2299 2524 vero
2355 2472 2640 2538 patricium
2709 2483 2763 2526 et
2819 2485 3132 2527 mesazuuta
3191 2475 3495 2528 nominaut.

1931 2555 2025 2609 Vir
2058 2559 2146 2613 ille
2171 2561 2391 2614 natione
2417 2563 2658 2617 Albanus
2682 2564 2948 2633 Bajazites
2981 2567 3368 2632 appellabatur,
3401 2567 3494 2634 qui

1930 2662 1956 2698 a
2003 2664 2171 2715 puero
2195 2652 2509 2705 servitutem
2563 2655 2846 2717 servierat,
2896 2664 2949 2708 et
2981 2653 3271 2709 Mallorueti
3333 2657 3495 2710 rebus

1929 2744 2177 2798 adversis
2207 2745 2515 2803 conﬂiCtato
2549 2762 2729 2802 comes
2777 2765 2992 2818 semper
3014 2749 3281 2806 adfuerat.
3313 2749 3496 2803 Mallo-

1931 2849 2128 2890 metem
2160 2839 2454 2891 etiamnum
2485 2842 2884 2895 adolescentem
2919 2841 3138 2912 Temyr,
3161 2844 3253 2911 qui
3287 2854 3494 2912 patrem

1931 2929 2048 2994 ejus
2076 2930 2368 2996 occiderat,
2401 2947 2496 2999 per
2535 2932 2760 2986 Galatia:
2787 2942 3004 2986 montes
3041 2934 3500 3004 Ancyraeisagris

1932 3019 2141 3074 vicinos
2193 3021 2469 3075 insecutus
2523 3023 2724 3087 fuerat,
2791 3026 3083 3093 inquibus
3138 3025 3365 3079 celebris
3411 3026 3500 3079 illa

1933 3126 2108 3178 pugna
2157 3113 2448 3165 commissa
2499 3124 2584 3167 est
2643 3129 2805 3182 quam
2859 3130 3023 3181 supra
3085 3115 3499 3184 descripsimus.

263 3211 523 3271 πλείστας
562 3212 616 3261 ὲν
643 3209 878 3279 ὲξορίαις
903 3211 1127 3277 διάγων,
1184 3210 1281 3262 καὶ
1315 3209 1648 3276 διωκόμενος
1679 3207 1827 3277 παρὰ

1934 3197 2172 3266 Fugiens
2216 3201 2306 3254 ille
2347 3204 2396 3254 in
2431 3219 2623 3270 graves
2653 3205 2988 3260 calamitates
3017 3222 3078 3259 ac
3110 3223 3383 3261 erumnas
3421 3210 3502 3261 in.-

261 3303 372 3355 τῶν
425 3302 672 3369 Περσῶν,
734 3304 761 3354 6
813 3302 998 3370 ῥηθεὶς
1057 3300 1344 3366 Παγιαζὴτ
1403 3300 1830 3369 συνεδυσπράγει

265 3396 361 3446 καὶ
391 3393 756 3447 συνεθλξσετο.
786 3392 890 3445 Καὶ
905 3392 1079 3445 ταῦτα
1105 3393 1223 3453 πῶς
1247 3409 1260 3451 ;
1289 3393 1452 3455 Πεζοὶ
1482 3392 1578 3461 τὴν
1603 3393 1832 3461 πορείαν

265 3485 582 3552 ποιούμενοι
613 3487 780 3554 ἄμφω
835 3487 883 3536 oi
914 3484 1027 3548 δύο,
1081 3488 1209 3545 παῖς
1239 3483 1314 3535 ὢν
1363 3484 1445 3535 ἔτι
1495 3487 1521 3536 6
1553 3486 1827 3554 Μεχεμὲτ,

263 3576 363 3627 καὶ
409 3576 481 3641 μὴ
513 3575 696 3642 φέρων
720 3578 820 3642 τῆς
853 3575 970 3627 όδοῦ
1016 3575 1106 3626 τὸν
1141 3576 1362 3640 άγῶνα⁹
1390 3574 1528 3626 ἀλλὰ
1576 3576 1701 3637 τοὺς
1734 3576 1831 3627 πό-

261 3668 362 3728 δας
385 3666 737 3732 ἐξογκωοεὶς,
766 3669 861 3717 καὶ
896 3667 1091 3734 μηκέτι
1125 3665 1360 3734 βαδίζειν
1413 3666 1709 3734 δυνάμενος
1731 3684 1742 3697 ·
1803 3670 1829 3720 6

264 3756 552 3824 Παγιαζὴτ
574 3757 631 3807 ἐν
665 3758 776 3819 τοῖς
809 3756 978 3825 ὤμοις
1013 3757 1216 3824 φέρων,
1249 3757 1474 3825 πορείας
1517 3757 1637 3809 666v
1691 3761 1827 3828 ἡμε-

266 3849 378 3917 ρῶν
414 3850 642 3912 ἱκανῶν,
677 3849 750 3911 ὡς
792 3850 912 3912 ὄνος
947 3849 1293 3912 Λιϐυστικὸς,
1325 3851 1383 3900 ὲν
1412 3851 1475 3916 τῇ
1501 3848 1595 3900 τοῦ
1625 3849 1829 3917 πατρὸς

263 3938 535 4007 ἡγεμονίᾳ
579 3938 741 3989 αὐτὸν
795 3939 1163 3991 ὲπανέσωσεν·
1199 3938 1292 3990 καὶ
1346 3936 1606 3998 πολλάκις
1647 3939 1828 4000 ἄσιτος

262 4031 555 4097 διαμένων,
583 4031 741 4092 αὐτὸς
767 4033 825 4081 ὲν
843 4031 1082 4099 σχήματι
1114 4030 1471 4098 μονοχίτωνος
1499 4029 1610 4099 (97)
1643 4030 1830 4081 ὑπεισ-

261 4119 422 4184 δύων,
450 4122 543 4174 καὶ
577 4121 674 4182 τὰς
713 4120 906 4188 κώμας
961 4119 1251 4189 περιθέων,
1297 4118 1499 4182 ἄρτους
1539 4119 1709 4171 αίτῶν
1753 4119 1829 4182 ὼς

263 4212 583 4281 προσαίτης,
612 4212 703 4264 τὸν
749 4211 1048 4282 Μαχουμὲτ
1082 4211 1454 4279 διεψώμιζεν,
1485 4209 1672 4271 δοῦλος
1725 4228 1827 4278 φασ

261 4304 375 4364 vei;
427 4304 631 4369 άγαθδς
679 4302 774 4356 καὶ
813 4302 1022 4368 πιστὸς,
1063 4302 1159 4354 καὶ
1199 4301 1295 4370 οὐχ
1326 4297 1435 4362 οἷός
1468 4300 1515 4352 τ’
1551 4297 1640 4370 ἦν.
1665 4300 1828 4352 Ἀλλὰ

260 4395 358 4447 καὶ
384 4394 544 4455 αὐτὸς
572 4393 887 4462 ἀνδρωθεὶς,
913 4394 1004 4444 καὶ
1054 4396 1153 4460 τὴν
1182 4391 1457 4462 πατρικὴν
1515 4392 1825 4460 ἡγεμονίαν

260 4487 338 4548 ὡς
361 4485 734 4552 ἀνακτηθέντα
765 4485 965 4553 κλῆρον
989 4483 1192 4546 λαὸὼν,
1227 4487 1321 4536 καὶ
1370 4483 1533 4544 αὐτὸς
1563 4484 1824 4552 ἀντημεί-

1933 3290 2084 3353 cidit,
2118 3294 2270 3347 exsul
2297 3294 2406 3346 huc
2435 3303 2484 3347 et
2511 3295 2638 3348 illuc
2662 3311 2908 3364 vagatus,
2935 3307 2987 3351 et
3021 3313 3049 3351 a
3080 3297 3257 3353 l‘ersis
3288 3301 3496 3367 pulsum

1935 3383 2179 3436 eamdem
2212 3383 2486 3436 fortunam
2527 3387 2722 3438 malam
2749 3402 2871 3439 cum
2913 3401 2979 3441 eo
3005 3399 3261 3456 expertus
3292 3402 3375 3445 est
3407 3406 3500 3444 su-

1933 3475 2206 3541 pradictus
2265 3475 2555 3543 Bajazites.
2618 3480 2686 3530 At
2751 3494 2889 3546 quos
2952 3480 3167 3533 labores
3227 3482 3499 3549 pertulit?

1931 3565 2103 3618 Pedes
2126 3567 2285 3620 ambo
2304 3568 2404 3620 iter
2429 3567 2718 3632 iaciebant,
2749 3586 2979 3638 cumque
3001 3587 3134 3640 puer
3158 3574 3334 3627 adhuc
3356 3585 3500 3628 esset

1935 3657 2287 3719 hlalrornetes,
2348 3674 2523 3727 neque
2554 3661 2651 3712 viae
2708 3661 2950 3714 laborem
3011 3663 3498 3734 lassitudinemque

1931 3751 2074 3804 ferre
2122 3761 2328 3818 posset,
2381 3753 2615 3820 pustulis
2650 3755 2979 3808 tumentibus
3035 3757 3280 3824 pedibus,
3324 3774 3499 3818 neque

1930 3842 2162 3909 amplius
2197 3841 2262 3894 ad
2319 3842 2673 3896 incedendum
2727 3845 2930 3898 valeret
2960 3863 2974 3899 :
3006 3847 3243 3914 plurium
3280 3849 3488 3902 dierum

1931 3932 2124 3986 itinere
2173 3933 2441 3996 confecto,
2489 3934 2630 3987 sicut
2677 3936 2862 3991 asinus
2919 3937 3224 4007 Libysticus
3254 3936 3495 3995 humeris

1930 4043 2052 4081 eum
2115 4036 2353 4095 gestans,
2413 4027 2554 4080 intra
2590 4031 2800 4093 paterni
2839 4031 3048 4097 imperii
3097 4032 3230 4087 lines
3281 4034 3488 4088 salvum

1930 4124 2165 4177 reduxit.
2203 4125 2449 4193 Cumque
2490 4126 2687 4195 saepius
2725 4125 2899 4180 fames
2930 4125 3291 4182 Maliometem
3335 4146 3493 4184 vexa-

1929 4226 2033 4279 ret,
2063 4217 2149 4271 hic
2184 4219 2621 4282 uionoclntonis,
2670 4220 2784 4273 sive
2832 4221 3052 4275 dervisii
3105 4221 3290 4277 habitu
3341 4225 3492 4279 vicos

1929 4305 2210 4373 ingressus
2245 4307 2587 4370 circumibat,
2624 4323 2812 4375 panem
2848 4319 2900 4361 ut
2933 4310 3217 4364 mendicus
3246 4327 3490 4372 quaareus

1927 4395 2071 4449 unde
2105 4395 2393 4450 Mabometi
2436 4397 2617 4449 cibum
2673 4398 2935 4464 prazberet
2972 4416 2984 4451 :
3023 4399 3223 4466 quibus
3270 4416 3485 4455 servum

1927 4487 2131 4541 bonum
2161 4504 2224 4542 ac
2267 4489 2495 4551 lidelem,
2530 4489 2740 4557 qualem
2777 4490 2941 4542 alium
2980 4491 3219 4545 invenire
3253 4508 3356 4546 non
3388 4506 3486 4557 esr,

259 4580 421 4645 {:aa‘to,
461 4577 600 4629 κατὰ
629 4578 716 4628 τὸν
749 4577 973 4629 εἰπόντα
1001 4575 1225 4646 Κύριον,
1259 4576 1387 4629 Ἐπὶ
1419 4576 1593 4643 ὀλίγα
1627 4574 1701 4644 ἦς
1728 4591 1824 4628 πι-

1934 4595 1992 4633 se
2047 4582 2381 4648 approbavit.
2420 4581 2516 4635 Ille
2566 4583 2814 4652 profecto
2865 4582 3073 4636 virilem
3107 4595 3318 4639 aetatem
3361 4589 3487 4641 ade-

259 4668 429 4731 στός,
491 4667 588 4718 ἐπὶ
635 4667 881 4720 πολλῶν
928 4682 1001 4718 σε
1027 4666 1417 4731 καταστήσωο
1487 4664 1674 4717 τοῦτον
1729 4667 1823 4717 καὶ

260 4761 426 4820 αὐτὸς
462 4759 650 4828 κύριον
685 4759 774 4812 τοῦ
809 4761 961 4812 οίκου
1025 4759 1190 4812 αὑτοῦ
1234 4759 1558 4827 κατέστησε,
1594 4761 1686 4810 καὶ
1717 4759 1821 4810 πάο

262 4869 364 4918 σης
388 4853 484 4913 τῆς
510 4853 608 4919 γῆς
644 4849 775 4919 παρ’
806 4852 971 4903 αὐτοῦ
1020 4851 1353 4920 ἀρχομένης.
1401 4850 1458 4903 Ὀ
1496 4851 1819 4919 Προμηθεὺς

259 4939 356 4994 οὖν
385 4941 537 5000 οὗτος
566 4943 593 4993 6
625 4943 810 5010 ῥηθεὶς
857 4943 1143 5012 Παγιαζὴτ
1185 4942 1388 5005 καλῶς,
1444 4942 1538 4994 καὶ
1591 4942 1665 5005 ὡς
1703 4938 1816 5011 εἶχε

259 5035 520 5103 ὃιοκήσας
555 5036 652 5103 τὴν
671 5036 987 5105 ἡγεμονίαν,
1023 5036 1117 5088 καὶ
1154 5035 1250 5102 τὴν
1287 5035 1613 5088 ἐπιστασίαν
1636 5037 1814 5090 πᾶσαν

1931 4681 2078 4738 plus,
2102 4681 2431 4740 paternoque
2464 4673 2686 4741 imperio
2735 4675 2856 4742 jure
2889 4676 3231 4730 Ineredilario
3265 4681 3488 4747 politus.

1930 4760 2229 4814 ciliciorum
2267 4763 2366 4814 sibi
2420 4764 2780 4817 exliibitorum
2841 4783 3065 4832 memor,
3109 4774 3409 4824 mercedem
3439 4776 3485 4823 ιι

1929 4852 2169 4917 rependit
2202 4853 2498 4905 secundum
2533 4858 2692 4906 verba
2735 4853 2981 4908 Domini:
3032 4857 3094 4910 In
3123 4862 3303 4926 paucis
3337 4861 3486 4928 [uisu

1927 4944 2118 5011 ﬁdelis,
2147 4961 2303 5012 super
2330 4946 2497 4998 multa
2539 4958 2586 4998 te
2635 4951 2991 5014 constituant;
3020 4951 3330 5008 domesticis
3384 4957 3486 5008 ita-

1927 5051 2032 5102 que
2055 5035 2214 5088 rebus
2236 5036 2509 5104 gerendis,
2528 5039 2925 5108 universisque,
2947 5041 3142 5108 quibus
3163 5044 3481 5111 imperabat.

1453 5152 1739 5212 lsmaelis
1772 5150 2068 5212 Bullialdi
2104 5159 2286 5210 notae.

262 5263 514 5307 auctores
567 5253 732 5305 fuisse
791 5253 1194 5320 Chasaui-bogo
1254 5255 1558 5322 Dulgadiris
1622 5255 1733 5308 lilio
1759 5264 1813 5306 et

262 5324 610 5390 llabili-begu
641 5323 1127 5391 Kara-oiluc-oglio
1152 5326 1201 5375 in
1229 5340 1324 5379 eas
1357 5325 1656 5391 provincias
1677 5324 1817 5390 pari-

263 5407 345 5447 ter
379 5393 660 5461 grassandi
692 5414 705 5446 ;
768 5408 905 5459 quos
956 5394 1146 5446 Cozzaa
1202 5395 1345 5447 tilios
1378 5391 1627 5460 lorguzes
1660 5396 1817 5445 bassa

259 5472 452 5531 captus
484 5463 706 5525 occidit,
737 5470 791 5514 et
843 5461 1241 5517 Turcomanuis
1275 5467 1482 5532 praedas
1506 5463 1700 5531 agendi
1732 5463 1814 5514 ia-

261 5535 519 5586 cultateiu
542 5532 597 5581 in
627 5541 900 5598 posterum
933 5533 1154 5583 ademit.

335 5601 474 5669 (96),
508 5597 728 5667 Ὀνόμα
779 5597 859 5663 τῷ
899 5599 1071 5665 ἀνδρὶ
1106 5601 1418 5669 narrabit.
1478 5601 1637 5655 Hunc
1670 5600 1824 5668 Baja-

260 5668 424 5724 ΖῘιΕΙΙΙ
457 5668 628 5721 fuisse
656 5671 1075 5723 vezir-azemutn
1109 5668 1500 5724 εσιιδιιιιιιιιυιιι
1533 5687 1595 5723 Οἳ(
1639 5669 1816 5722 Leun~

259 5741 440 5795 σιω·ίο
491 5738 790 5803 intelligere
833 5738 978 5791 licet.
1045 5740 1134 5790 ille
1182 5743 1325 5792 enim
1362 5740 1818 5808 postMeltemetis

263 5818 492 5863 mortem
523 5809 936 5860 communicatis
983 5823 1104 5860 cum
1139 5809 1534 5874 Cliasi-cinase,
1566 5819 1616 5864 et
1654 5809 1823 5862 Abra-

513 5900 780 5959 I’ATROL.
814 5902 928 5959 (iu.
964 5897 1198 5958 CLYll.

1926 5256 2086 5324 hamo
2121 5252 2277 5306 bassa
2301 5254 2568 5324 consiliis.
2613 5271 2697 5309 res
2731 5271 2921 5309 omnes
2952 5272 3123 5324 usque
3159 5257 3222 5308 ad
3261 5254 3482 5311 Moratis

1926 5321 2217 5392 adventum
2254 5323 2676 5376 administravit.
2708 5325 2838 5389 Quae
2863 5321 3132 5392 perro'de
3156 5324 3346 5380 ollieiis
3378 5327 3482 5380 Me-

1927 5393 2123 5463 liemeti
2144 5389 2424 5454 aBajazite
2460 5393 2614 5463 bassa
2640 5389 2912 5459 praestitis,
2937 5411 3162 5463 quaeque
3188 5397 3255 5448 de
3283 5411 3480 5449 terum-

1927 5461 2179 5531 nisﬂquas
2221 5463 2308 5514 ille
2348 5473 2469 5525 post
2504 5462 2884 5531 Temyrianam
2933 5461 3167 5530 pugnam
3201 5465 3478 5528 toleravrt,

1932 5530 2110 5583 nullus
2146 5541 2342 5593 pneter
2376 5544 2621 5584 nostrum
2645 5530 2854 5584 Ducam
2889 5544 3093 5587 narrat.

2001 5600 2112 5666 (97)
2130 5600 2557 5666 Μονοχίτωνος.
2582 5599 2686 5653 Per
2706 5601 3144 5655 illonochitouem
3181 5601 3476 5658 dervisiurn

1922 5684 2017 5750 seu
2043 5673 2389 5792 lina-uacuum
2437 5670 2843 5724 musulmauum
2879 5674 3062 5727 tunica
3095 5688 3202 5727 una
3225 5674 3473 5735 indutum

1927 5748 2037 5792 tntc
2083 5748 2195 5792 unt.

1927 5740 2195 5807 intelligit.

3013 5906 3090 5961 29
