4164 6454
261 450 363 509 909

1441 441 1804 504 HISTORIA
1849 443 2295 503 ΒΥΖΑΝΤΙΝᾹ.

3385 439 3490 500 910

258 563 401 629 ἐντῇ
434 557 717 630 Ἀδριανοῦ
757 559 905 619 ἐντὸς
936 558 1047 618 τοῖς
1102 557 1228 625 παρ’
1291 557 1455 609 αὑτοῦ
1510 558 1823 626 δομηθεῐσιν

1930 555 2263 609 Machomete
2297 557 2434 620 lia-gn
2472 555 2521 607 In
2556 553 2762 607 :cdilms
2791 555 2858 607 ab
2906 568 2969 607 eo
3007 553 3365 612 constructis,
3403 572 3495 620 per

259 652 548 720 οίκὴμασι,
583 652 993 719 τεσσαράκοντα
1015 648 1229 718 ἡμέρας
1252 649 1519 720 ἔκρυπτον
1537 648 1597 701 τὸ
1622 647 1822 714 πτῶμα

255 743 423 796 αὑτοῦ
450 745 509 797 ἐν
537 746 603 812 τῇ
635 742 833 812 οἰκείᾳ,
938 741 1117 794 ἔκειτο
1147 742 1374 810 ἄταφον,
1429 741 1585 805 τινὸς,
1622 742 1696 811 μὴ
1738 757 1826 810 γι-

258 835 566 898 νώσκοντος
599 839 680 888 ὅτι
715 835 945 904 τέθνηκε
979 834 1158 905 παρὲξ
1181 834 1468 906 τεσσάρων
1521 835 1821 903 Παγιαζὴτ,

261 929 355 981 καὶ
395 927 624 997 Ἰπραῖμ
650 927 758 980 τῶν
797 927 1098 998 πατρικίων
1156 927 1188 996 ἢ
1231 926 1547 994 βεζιρίδων,
1607 930 1700 982 καὶ
1734 927 1828 982 δύο

267 1021 488 1090 ἰατρῶν,
521 1021 569 1072 οἳ
603 1021 695 1074 καὶ
724 1021 844 1073 καθ’
873 1023 1090 1090 ἡμέραν
1118 1021 1489 1090 εἰσερχόμενοι
1511 1022 1825 1091 ἐξήρχοντο,

263 1113 681 1180 κενολογοῦντες
730 1117 842 1176 τοῖς
904 1115 1249 1184 μεγιστᾶσιν,
1287 1113 1361 1175 ὡς
1393 1116 1422 1167 6
1455 1114 1696 1184 ἀρχηγὸς
1741 1131 1830 1166 νο·

262 1204 570 1272 σηλεύεται,
606 1209 697 1259 καὶ
728 1207 942 1276 ἀνάγκη
969 1206 1130 1258 τινῶν
1185 1206 1463 1275 χρειωδῶν
1518 1208 1636 1259 ἐστι
1692 1207 1828 1277 πρὸς

268 1293 568 1363 θεραπείαν
628 1297 889 1364 ἁρμοδία.
945 1297 1058 1350 Καὶ
1114 1293 1182 1366 ἦν
1223 1298 1354 1350 ίδεῖν
1402 1299 1826 1366 ἀπεσταλμένων

267 1387 470 1454 πλῆθος
497 1387 657 1439 πολύ·
709 1390 835 1450 τοὺς
875 1389 973 1457 μὲν
1023 1390 1081 1441 ὲν
1128 1389 1348 1457 Σερσίᾳ,
1382 1389 1511 1451 τοὺς
1565 1389 1621 1442 δὲ
1670 1391 1727 1440 ὲν
1761 1392 1827 1458 τῇ

260 1477 697 1545 Ιὶωνσταντίνου,
724 1481 919 1544 ἄλλους
946 1483 1003 1533 ἐν
1028 1484 1146 1544 ταῖς
1180 1485 1365 1550 νήσοις
1391 1483 1729 1550 ἐρευνῶντας
1763 1483 1830 1534 τὰ

265 1569 400 1635 πρὸς
455 1570 699 1637 ἰατρείαν
746 1573 1018 1641 χρήσιμα.
1059 1571 1119 1624 '0
1169 1571 1229 1624 δὲ
1286 1572 1495 1641 μέλλων
1530 1572 1831 1636 ποματίζε-

266 1659 392 1711 σθαι
426 1663 578 1729 παρὰ
611 1661 722 1714 τῶν
754 1663 980 1731 ἰατρῶν,
1011 1662 1104 1714 τοῦ
1137 1663 1375 1715 κενῶσαι
1426 1663 1535 1715 τῶν
1597 1665 1830 1732 ἐντέρων

264 1749 325 1800 τὸ
357 1749 544 1821 βάρος,
604 1755 698 1804 καὶ
756 1754 1015 1820 κουφίσαι
1044 1753 1319 1822 πνεύμονα
1348 1755 1445 1806 καὶ
1473 1749 1648 1823 ἧπαρ,
1681 1755 1827 1824 διερο

266 1841 407 1910 ρἁη
446 1842 676 1906 κοιλίαν,
739 1846 833 1898 καὶ
870 1846 1048 1898 πᾶσαν
1080 1845 1181 1915 τὴν
1236 1846 1384 1898 ἔνδον
1413 1847 1612 1916 πλῆσιν
1660 1845 1826 1900 αὐτοῦ

1930 649 2048 704 dies
2077 649 2439 719 quadraginta
2467 650 2701 700 cadaver
2729 646 2875 699 illius
2897 647 3244 700 occultarunt
3280 646 3330 698 in
3358 663 3496 712 qua-

1932 739 2058 796 dam
2084 742 2278 796 aedium
2311 750 2484 809 parte,
2522 738 2611 792 tibi
2646 737 2820 806 jacuit
2851 737 3178 805 insepultum
3207 757 3220 792 :
3275 754 3499 793 omnes-

1931 847 2214 901 qnemors
2268 831 2414 884 illius
2467 830 2666 884 latebat
2725 837 2926 894 praeter
2981 828 3127 882 viros
3162 829 3532 883 domesticos'

1931 936 2185 994 quatuor,
2229 923 2524 992 Bajazitem
2558 932 2608 977 et
2666 921 3011 977 Hibraimum
3068 923 3328 992 patricios
3380 925 3497 979 sive

1932 1019 2168 1081 veziros,
2211 1017 2460 1087 duosque
2509 1016 2771 1075 medicos.
2815 1019 2906 1087 qui
2944 1018 3192 1088 quotidie
3261 1019 3494 1086 ingressi

1929 1119 1983 1164 et
2019 1118 2282 1164 exeuntes
2312 1124 2482 1163 vanos
2520 1123 2804 1163 sermones
2850 1107 2916 1162 de
2967 1107 3314 1178 imperatoris
3351 1109 3496 1160 vale-

1931 1202 2120 1257 tudine
2149 1202 2291 1272 apud
2355 1216 2608 1270 proceres
2659 1200 2970 1268 jactabant:
3030 1201 3220 1256 morbo
3277 1201 3494 1270 quidem

1932 1295 2110 1363 ipsum
2141 1294 2396 1353 detineri.
2424 1305 2477 1348 et
2536 1295 2601 1347 ad
2638 1295 2939 1347 curandum
2979 1293 3125 1347 illum
3165 1295 3493 1362 quibusdam

1935 1384 2344 1439 medicamentis
2372 1387 2582 1440 idoneis
2640 1401 2773 1455 Oplts
2821 1402 2939 1441 esse
2971 1402 2983 1438 :
3019 1395 3071 1441 et
3095 1401 3322 1440 cernere
3379 1399 3499 1442 erat

1933 1478 2120 1546 plures
2167 1478 2362 1546 partim
2426 1478 2477 1530 in
2505 1477 2770 1541 Serviam,
2807 1479 3001 1544 partim
3038 1479 3501 1546 Constantiumpo-

1933 1567 2026 1620 lim
2055 1569 2272 1632 missos,
2304 1568 2444 1621 alios
2476 1569 2530 1622 in
2569 1569 2803 1631 insulas,
2839 1570 2904 1622 ad
2931 1569 3302 1637 conquirenda
3341 1569 3501 1636 phar-

1935 1676 2087 1716 ntaca
2141 1663 2260 1731 ejus
2301 1663 2492 1715 morbo
2519 1664 2765 1716 curando
2821 1663 3155 1718 necessaria.
3213 1664 3314 1727 Qui
3368 1678 3497 1715 vero

1935 1753 2205 1821 petionem
2234 1767 2263 1805 a
2296 1751 2519 1806 medicis
2541 1753 2794 1808 simulate
2823 1752 3218 1822 conquisitam,
3251 1763 3309 1804 ut
3335 1753 3497 1822 vulgo

1934 1841 2276 1902 credebatur,
2304 1841 2602 1895 haus-turus
2630 1852 2742 1896 erat
2770 1842 2834 1894 ad
2864 1843 3175 1896 evacuanda
3212 1844 3496 1902 intestina.

261 1933 326 1997 τῇ
360 1934 428 1999 γῇ
444 1932 894 1999 παραδεδώκασιν
929 1933 1082 1996 ἐντὸς
1108 1934 1204 1987 τοῦ
1235 1936 1515 2006 δοματίου,
1543 1930 1604 1991 οὗ
1624 1936 1823 1988 ἔκειτο·

1931 1930 2298 2000 dejiciendum
2330 1924 2601 1986 viscerum
2648 1950 2809 1994 onus,
2846 1943 2898 1987 et
2954 1933 3020 1985 ad
3051 1933 3338 1987 levandum
3376 1936 3500 2002 pul-

263 2020 322 2071 τὺ
353 2021 405 2071 δὲ
448 2022 604 2089 σῶμα
645 2024 839 2092 μύροις
883 2024 1230 2092 ἀλείψαντες,
1307 2027 1401 2079 καὶ
1452 2026 1649 2080 σινδόνι
1682 2027 1830 2096 εἱλή-

267 2127 458 2174 σαντες
490 2115 801 2182 κατέθηκαν
827 2117 921 2170 ἐπὶ
951 2119 1237 2187 στρωμνῆς
1270 2118 1345 2181 ὡς
1397 2119 1596 2186 ἀσθενῆ
1625 2119 1824 2182 ζῶντα.

263 2202 448 2255 Ταῦτα
479 2205 572 2258 οὖν
601 2207 777 2259 πάντα
809 2208 1141 2277 ὲπράττοντο
1165 2211 1317 2277 παρά
1347 2209 1453 2262 τῶν
1495 2209 1590 2262 δύο
1628 2209 1830 2279 βεζιρί-

260 2294 387 2360 δων,
414 2299 512 2347 καὶ
536 2297 645 2349 τῶν
704 2299 914 2352 παίδων
968 2301 1064 2352 τοῦ
1112 2299 1408 2354 παλατίουσ
1440 2301 1492 2353 οἳ
1540 2302 1638 2355 οὐκ
1670 2302 1830 2372 ἐξήρ-

261 2403 440 2454 χοντο,
476 2389 600 2442 οὔτε
633 2391 1078 2461 ὲκοινολογοῦντο
1117 2396 1253 2463 μετά
1281 2413 1454 2457 τινος.
1510 2394 1570 2448 ’0
1626 2397 1828 2460 σκοπὸς

262 2475 357 2532 οὖν
384 2482 591 2535 τοιόσδε
619 2497 632 2512 ⁸
694 2484 757 2536 ΕΙ
791 2485 1006 2552 μάθωσι
1040 2485 1131 2538 τὸν
1161 2487 1395 2540 θάνατον
1455 2485 1547 2538 τοῦ
1584 2488 1829 2556 ἀρχηγοῦ

260 2570 331 2623 τὰ
362 2574 521 2642 πέριξ
554 2573 703 2644 ἔθνη,
754 2576 1041 2646 Ῥωμαῖοι,
1084 2577 1302 2647 Σέρδοι,
1334 2579 1641 2641 Γενουτται,
1670 2579 1829 2632 Βενε-

259 2664 367 2727 vol,
406 2667 462 2717 ὲν
490 2669 553 2734 τῇ
580 2667 840 2737 Ἀνατολῇ
884 2671 912 2722 6
953 2671 1252 2738 Καραμάν,
1290 2675 1349 2722 οὐ
1385 2670 1672 2740 δυνήσεται
1701 2688 1829 2724 κατ-

258 2756 435 2809 ελθεῖν
467 2759 529 2811 ὲκ
550 2761 655 2812 τῶν
685 2761 850 2830 ὁρίων
884 2763 1124 2833 Περσίας
1146 2765 1173 2815 6
1216 2763 1555 2834 κληρονόμος
1611 2764 1823 2833 Μοράτ,

267 2848 363 2900 καὶ
400 2851 691 2918 γενήσεται
723 2853 952 2920 θόρυὸος
982 2856 1040 2907 ὲν
1065 2858 1128 2924 τῇ
1163 2855 1329 2925 ἀρχῇ,
1392 2857 1485 2908 καὶ
1538 2857 1726 2917 στάσις
1772 2858 1828 2908 ὲν

256 2939 337 3008 τῷ
368 2943 586 3012 στρατῷ
607 2960 622 2975 ’
647 2951 742 2998 καὶ
773 2949 841 2999 τὰ
864 2948 964 3014 τῆς
995 2947 1167 3016 Ἐᾠας
1195 2949 1375 3001 πάντα
1413 2948 1646 3015 ἀφειδῶς
1669 2950 1694 2999 6
1717 2949 1831 3001 Κα-

258 3034 444 3102 ραμὰν
469 3036 813 3108 λεηλατήσει,
838 3041 932 3092 καὶ
958 3041 1014 3093 δὲ
1028 3041 1124 3106 τῆς
1152 3041 1376 3110 Θρᾴκης
1407 3041 1455 3092 οἱ
1483 3040 1824 3109 Χριστιανοὶ,

259 3126 352 3176 καὶ
406 3125 620 3182 ἔσονται
672 3130 906 3200 Τοῦρκοι
968 3132 1384 3202 δυστυχοῦντες,
1431 3134 1525 3185 καὶ
1565 3131 1824 3199 Ῥωμαῖοι

256 3216 372 3276 τοῖς
407 3217 750 3288 εὐτυχήμασι
787 3220 1093 3285 θάλλοντες.

1932 2037 2146 2076 nionem
2175 2031 2226 2076 et
2250 2023 2422 2089 jecur,
2457 2025 2631 2090 reipsa
2689 2040 2781 2091 per
2813 2026 3048 2079 medium
3085 2039 3328 2079 ventrem
3384 2029 3499 2080 Δίες

1929 2123 2112 2168 sectus
2165 2124 2282 2179 est,
2344 2117 2504 2185 eique
2567 2118 2746 2170 omnia
2810 2121 3016 2170 viscera
3055 2119 3296 2172 detracta
3331 2133 3346 2170 :
3379 2134 3499 2187 qua:

1931 2207 2105 2272 humi,
2143 2207 2194 2259 in
2234 2216 2387 2276 parte
2445 2209 2640 2263 domus
2692 2224 2856 2276 quam
2914 2209 3216 2275 habitabat,
3276 2210 3491 2265 defossa

1931 2309 2079 2354 sunt.
2130 2297 2376 2354 Cadaver
2408 2301 2676 2369 reliquum
2730 2302 3007 2355 inunctum
3050 2303 3310 2355 aromatis
3367 2317 3501 2356 cou-

1931 2389 2173 2454 dierunt,
2210 2401 2264 2445 et
2284 2390 2516 2446 sindone
2549 2391 2852 2446 involutum
2901 2407 3066 2460 super
3097 2392 3296 2446 lectum
3330 2394 3500 2461 depo-

1931 2491 2180 2545 suerunt,
2216 2497 2278 2536 ac
2315 2485 2360 2538 si
2399 2485 2551 2538 vivus
2573 2485 2755 2537 adhuc
2783 2493 3117 2555 aegrotasset.
3163 2485 3285 2538 Hzrc
3314 2488 3498 2540 omnia

1930 2576 2212 2630 amborum
2261 2580 2575 2632 veairorum
2629 2577 2854 2631 consilio
2911 2577 3228 2647 agebantur,
3263 2578 3497 2632 famulo-

1929 2683 2163 2737 rumque
2219 2670 2583 2739 palatinorum
2631 2685 2823 2738 Opera,
2861 2673 2950 2738 qui
2997 2672 3133 2723 intra
3185 2670 3382 2725 domus
3429 2671 3500 2725 li-

1931 2760 2075 2814 mina
2106 2763 2353 2826 coerciti,
2387 2777 2510 2815 cum
2542 2762 2690 2816 nullo
2725 2763 3222 2831 colloquebautur:
3255 2766 3307 2816 iu
3348 2780 3500 2818 eum-

1929 2868 2036 2923 que
2089 2853 2272 2914 ﬁnem,
2329 2869 2416 2919 ne,
2453 2856 2496 2908 si
2560 2869 2706 2908 mors
2762 2855 3110 2924 imperatoris
3170 2857 3500 2910 innotuissrt

1930 2943 2185 3006 Romazis,
2213 2944 2449 3009 Serviis,
2501 2944 2906 3005 Genuensibus,
2950 2944 3194 3010 Venetis,
3249 2938 3410 3015 atqtie
3444 2948 3496 2999 iu

1927 3034 2146 3090 Oriente
2169 3035 2497 3093 Karauiano.
2527 3053 2588 3090 ex
2613 3037 2811 3092 Persia:
2854 3037 3053 3091 ﬁnibus
3108 3037 3174 3091 ad
3225 3037 3498 3091 exercitus

1929 3135 2221 3196 penetrare
2251 3142 2357 3180 non
2394 3137 2576 3196 posset
2607 3127 2712 3196 72
2763 3127 2999 3182 Morates
3035 3128 3249 3196 imperii
3299 3127 3496 3184 haeres.

1929 3232 2066 3275 neve
2098 3218 2262 3274 etiam
2322 3218 2645 3272 tumultibus
2684 3221 2897 3273 bellicis
2940 3220 3247 3289 respublica
3296 3220 3495 3272 distra-

257 3306 498 3374 lieretur,
542 3313 907 3369 seditionibus
934 3319 1211 3370 exercitus
1229 3324 1559 3382 aestuarem;
1591 3325 1818 3371 cunctas
1857 3328 2076 3384 quoque
2101 3312 2348 3367 Orientis
2415 3312 2727 3382 provincias
2777 3313 3116 3368 Caratuanus
3186 3315 3498 3369 immaniin-

257 3411 522 3467 vastaret,
587 3405 987 3477 Tliraeiamque
1018 3408 1320 3464 Christiani
1391 3409 1862 3479 depraedarentur,
1905 3408 2136 3476 proinde
2193 3404 2494 3463 Turcortnn
2525 3424 2610 3461 res
2651 3407 2942 3462 infeliciter
2969 3410 3348 3464 succederent.
3387 3411 3495 3462 Ro-

255 3496 409 3550 manis
467 3496 682 3550 interim
743 3496 968 3553 ﬂorente
1019 3515 1082 3553 ac
1110 3516 1366 3570 prospera
1411 3500 1628 3554 fortuna
1679 3499 1980 3552 utentibus.

1632 3617 1855 3672 CAPUT
1903 3617 2092 3672 XXIII.

258 3738 473 3785 Morates
512 3739 724 3786 Prusam
747 3734 890 3785 venit.
919 3738 1204 3786 Mnhumeu's
1231 3749 1361 3784 mors
1386 3733 1433 3783 iu
1459 3734 1627 3794 vulgus
1657 3748 1687 3782 ιι
1711 3732 1862 3782 bassis
1908 3733 2086 3783 editur.
2121 3735 2332 3783 Prusam
2386 3734 2556 3782 abeunt
2599 3730 2769 3790 reziri,
2825 3732 3035 3794 defuncti
3078 3732 3256 3782 sullam’
3286 3737 3496 3785 cadam-

311 3811 474 3845 secum
493 3797 774 3860 deferentest
807 3799 965 3860 Legati
990 3813 1018 3846 α
1042 3797 1341 3860 principibus
1366 3792 1620 3845 vicinis'ad
1657 3798 1892 3860 ttat-atem
1914 3795 2070 3860 missi.
2099 3795 2290 3860 Mauuet
2311 3809 2343 3860 _a
2390 3796 2572 3860 Morate
2595 3799 2771 3855 [rutres
2789 3792 2902 3860 ejus
2936 3793 3222 3860 impuberes.
3249 3810 3310 3846 ex
3345 3805 3496 3846 testu-

312 3865 470 3907 ntento
514 3857 799 3908 Mahwnetis
829 3857 920 3907 sibi
957 3857 1108 3915 tradi,

315 3922 476 3968 Mores
507 3921 706 3982 quidam
734 3921 1006 3969 Turcorum
1047 3920 1372 3982 explicantur.

324 4002 544 4054 Τούτων
569 4004 661 4054 οὖν
690 4003 862 4065 οὕτως
888 4005 1140 4070 ἐχόντων,
1202 4003 1297 4055 καὶ
1357 4002 1443 4054 διὰ
1476 4001 1816 4071 ταχυδρόμου
1849 4008 1889 4064 (ζ

251 4092 397 4150 τινος
422 4094 500 4159 (2)
528 4092 618 4144 τὸν
651 4091 881 4145 θάνατον
911 4093 1004 4143 τοῦ
1043 4091 1246 4160 πατρὸς
1279 4093 1357 4160 τῷ
1410 4093 1602 4162 Μορὰτ
1634 4093 1816 4156 ἀπαγ-

250 4183 554 4248 γείλαντες,
586 4186 641 4235 ἐν
662 4183 926 4253 Ἀμασείᾳ
952 4184 1072 4236 τότε
1117 4184 1416 4250 διάγοντος,
1476 4187 1614 4253 μετὰ
1650 4186 1820 4252 παρέ-

249 4276 440 4326 λευσιν
495 4276 903 4344 τεσσαράκοντα
966 4273 1214 4344 ἡμερῶν,
1296 4276 1390 4327 καὶ
1441 4275 1500 4327 δν
1569 4275 1819 4328 ἔστειλαν

251 4372 484 4437 ἄγγελον
514 4371 718 4436 ἔφθασε
754 4370 977 4439 μηνύων
1011 4372 1198 4433 αὐτοῖς
1233 4372 1334 4441 τὴν
1362 4371 1574 4424 ἐλευσιν
1603 4373 1816 4442 Μοράτ’

253 4464 347 4514 καὶ
370 4462 442 4524 ὼς
472 4462 744 4525 κατῆλθεν
779 4461 946 4529 ἐγγύς
975 4479 1080 4514 που
1115 4463 1371 4531 Προύσης
1404 4464 1462 4515 ὲν
1507 4463 1667 4532 κώμῃ
1713 4465 1820 4518 τινὶ

255 4553 566 4622 καλουμένῃ
601 4553 866 4615 Μελαίνα,
905 4556 995 4606 καὶ
1021 4557 1241 4621 γραφὰς
1278 4555 1464 4616 αὐτοῖς
1519 4555 1817 4624 ἐνεχείρισε

255 4641 349 4691 τοῦ
407 4642 617 4706 Μορὰτ,
666 4641 934 4710 δηλούσας
985 4641 1086 4709 τὴν
1142 4641 1306 4694 αὑτοῦ
1359 4641 1572 4694 ἓλευσιν
1628 4646 1686 4694 ὲν
1751 4645 1815 4710 τῇ

260 4732 504 4801 Προύσῃ,
538 4736 629 4785 καὶ
658 4731 952 4798 δριζούσας
981 4733 1058 4797 τῷ
1090 4732 1371 4800 Παγιαζὴτ
1429 4733 1577 4793 ὅπως
1634 4731 1818 4786 λαϐὼν

252 4825 312 4876 τὸ
366 4827 565 4892 πτῶμα
594 4824 686 4877 τοῦ
720 4825 1138 4891 πατρὸςαὺτοῦ,
1177 4825 1273 4877 σὺν
1309 4824 1459 4893 πάσῃ
1499 4826 1564 4893 τῇ
1620 4839 1816 4891 γερου-

255 4918 345 4983 σίᾳ
367 4918 614 4985 ἐπανήκῃ
644 4917 700 4967 ἐν
730 4917 955 4985 Προύσῃ
986 4931 999 4946 ·
1047 4914 1132 4966 ἵνα
1180 4916 1276 4966 καὶ
1335 4915 1424 4966 τὸν
1464 4914 1679 4983 πατέρα
1727 4913 1818 4966 θά-

248 5007 416 5073 ψωσι,
453 5007 545 5056 καὶ
590 5007 751 5059 αὑτὸν
805 5006 1048 5075 ἀρχηγδν
1108 5005 1546 5075 ἁναγορεύσωσι.
1607 5004 1739 5057 Τότε
1790 5005 1818 5056 6

250 5099 538 5166 Παγιαζὴτ
582 5098 702 5164 μεθ’
727 5099 860 5165 ὅσης
905 5099 1098 5167 ἡδονῆς
1139 5099 1232 5149 καὶ
1293 5100 1466 5165 χαρᾶς
1522 5095 1818 5164 δεξάμενος

247 5193 315 5243 τὰ
344 5192 669 5256 γράμματα,
701 5191 764 5256 τῇ
791 5186 876 5238 ἐπ’
915 5187 1104 5256 αὓριον
1167 5185 1394 5247 καθίσας
1450 5186 1538 5236 in!
1591 5186 1684 5237 τοῦ
1721 5185 1815 5254 βή-

251 5298 442 5350 ματος.
503 5282 599 5332 σὺν
643 5281 782 5331 πᾶσι
827 5281 940 5341 τοῖς
983 5279 1288 5339 σατράπαις
1348 5279 1440 5330 καὶ
1500 5279 1809 5346 μεγιστᾶσι,

249 5377 346 5427 καὶ
386 5376 584 5442 μέρους
610 5373 708 5424 οὐκ
739 5372 920 5437 ὀλίγου
963 5371 1061 5439 τῆς
1097 5372 1323 5435 πόλεως,
1345 5369 1546 5439 ἤρξατο
1573 5367 1811 5438 δημηγο-

247 5469 364 5535 ρεῖν
391 5465 573 5517 τοιάδε
595 5479 608 5493 ’
650 5460 846 5532 Ὑμᾶς,
867 5482 913 5516 ω
935 5463 1174 5530 ἄνδρες,
1206 5465 1277 5514 οὐ
1311 5460 1425 5529 χρὴ
1462 5460 1665 5529 λέγειν
1715 5459 1812 5512 καὶ

239 5557 629 5627 δημηγορεῖν,
677 5558 745 5610 ἐκ
769 5558 946 5622 ποίας
987 5559 1074 5622 εις
1125 5556 1305 5609 ποίαν
1336 5557 1531 5623 τύχην
1568 5554 1810 5621 ὑψώθη-

1160 3854 1346 3921 frustra
1377 3863 1550 3919 posctt,
1577 3863 1620 3906 et
1651 3855 1758 3905 ideo
1785 3857 2088 3921 Mustapham
2107 3864 2153 3908 et
2187 3854 2418 3906 Ciueitem
2447 3855 2492 3904 iu
2515 3854 2704 3904 scenam
2733 3854 2966 3907 aduersus
2993 3858 3224 3905 Moralem
3251 3859 3492 3919 prodidit.

1993 4001 2130 4054 Duzn
2197 4017 2286 4053 res
2344 4017 2408 4054 eo
2472 4001 2575 4054 loci
2617 4009 2786 4064 stant,
2839 4016 2934 4068 per
2963 4015 3243 4056 cursorem
3304 4001 3492 4056 Morati

1924 4093 2160 4148 Amasiae
2211 4092 2397 4145 sedem
2447 4093 2666 4147 babenti
2723 4105 2954 4148 mortem
3015 4098 3188 4164 patris
3223 4100 3495 4166 ocyssime

1923 4187 2205 4248 nuntiant;
2239 4189 2445 4240 exactis
2487 4186 2704 4240 tandem
2734 4185 2926 4240 diebus
2961 4189 3322 4256 quadraginta
3354 4205 3495 4242 nuu-

1923 4280 2032 4331 tius
2059 4278 2165 4341 ille,
2203 4293 2365 4347 quem
2401 4279 2689 4340 miserant,
2723 4278 2908 4342 rediit,
2971 4279 3218 4348 ipsisque
3272 4283 3493 4334 nuntiu

1922 4367 2146 4423 Moratis
2187 4369 2527 4424 adventum:
2588 4369 2843 4437 quodque
2905 4385 3012 4424 non
3054 4370 3210 4439 longe
3240 4387 3269 4423 a
3318 4370 3490 4426 Prusa

1921 4461 1989 4514 ad
2018 4462 2194 4515 vicum
2239 4462 2328 4530 qui
2364 4460 2581 4514 Melania
2643 4462 2970 4530 appellatur,
3009 4463 3356 4516 devcnisset:
3406 4466 3493 4518 lit-

1922 4563 2066 4606 teras
2091 4553 2319 4622 insuper
2374 4552 2599 4605 Moratis
2661 4552 2795 4619 ipsis
2819 4551 3077 4614 reddidit,
3116 4552 3318 4620 quibus
3371 4569 3492 4605 mo-

1921 4643 2082 4698 nebat
2108 4643 2217 4711 iam
2249 4644 2476 4698 Prusam
2518 4657 2574 4695 se
2631 4642 2956 4695 advenisse:
2985 4642 3251 4711 jubetque
3278 4643 3489 4712 Bajazi-

1921 4743 2027 4788 tem
2055 4742 2134 4797 ut,
2166 4749 2290 4787 cum
2324 4745 2437 4787 toto
2473 4743 2615 4789 coetu
2639 4734 3020 4802 patriciorum,
3059 4734 3290 4787 Prusam
3324 4737 3391 4788 ad
3435 4753 3493 4789 se

1920 4826 2120 4891 veniat,
2147 4827 2425 4895 patrisque
2457 4827 2542 4881 sui
2575 4828 2806 4881 cadaver
2837 4825 3073 4879 advehat
3119 4827 3184 4879 ad
3223 4828 3272 4880 id
3333 4843 3487 4895 sepe.

1920 4918 2187 4981 liendum,
2219 4919 2458 4972 utetiam
2515 4935 2571 4973 se
2605 4919 2989 4988 imperatorem
3025 4920 3362 4983 proclamcnt
3429 4935 3489 4970 ac
3519 4942 3524 4948 -

1919 5011 2178 5064 salutent.
2233 5010 2329 5066 His
2391 5011 2589 5065 litteris
2647 5026 2857 5064 summa
2917 5025 3039 5063 cum
3104 5012 3379 5078 voluptate
3438 5021 3491 5064 et

1920 5104 2119 5172 gaudio
2151 5104 2427 5173 perlectis,
2464 5104 2727 5171 postridie
2780 5112 3099 5171 suggestum
3160 5104 3490 5157 conscendit

1921 5195 2210 5262 Bajazites.
2265 5196 2656 5250 comitantibus
2692 5213 2814 5250 eum
2855 5197 3088 5264 satrapis
3147 5199 3364 5248 cunctis
3425 5213 3488 5248 ac

1921 5287 2261 5354 proceribus,
2293 5297 2344 5340 et
2378 5289 2614 5340 maxima
2648 5289 2849 5341 civium
2884 5299 3037 5354 parte
3070 5288 3483 5350 circumstante,

1923 5377 2276 5446 talcmqttcad
2309 5395 2402 5432 eos
2427 5378 2731 5432 orationem
2786 5379 2985 5431 habere
3041 5379 3240 5443 coepit:
3288 5377 3483 5443 Super—

1919 5484 2140 5520 vacuum
2201 5467 2385 5535 fucrt't,
2427 5485 2455 5520 ο
2491 5469 2606 5532 viri,
2643 5470 2782 5536 apud
2817 5486 2900 5522 ros
2951 5470 3104 5522 rerba
3149 5471 3339 5536 facere,
3372 5486 3486 5535 qua'

1919 5560 1973 5610 in
2005 5561 2307 5613 memoriam
2343 5562 2482 5613 vobis
2530 5572 2787 5620 revocent,
2850 5577 2912 5613 ea:
2941 5561 3126 5630 quibus
3177 5562 3483 5630 primordiis

1424 5669 1709 5730 Ismaelis
1740 5668 2037 5733 Bullialdi
2064 5685 2248 5738 notas.

310 5776 516 5838 (2)1171)
550 5776 645 5830 διὰ
684 5776 1056 5844 ταχυδρίῐμου
1088 5778 1270 5840 τινός.
1312 5775 1517 5829 Cursor
1544 5773 1633 5826 ille
1665 5783 1779 5827 erat
1824 5791 1829 5842 ι

1929 5792 2031 5830 nus
2070 5780 2349 5848 Cesnegir,
2386 5782 2436 5835 id
2469 5793 2571 5844 est.
2607 5791 2983 5852 Prmguctator,
3016 5784 3237 5837 nmuine
3277 5783 3481 5836 Eluau-

235 5848 428 5914 lmgus.
