4164 6454
240 422 319 486 921
1395 438 1444 496 H
1463 438 1769 502 {STORIA
1815 439 2264 501 BYZANTINA.

3350 431 3453 501 92⁸2

239 545 359 610 ἔχων
412 543 490 605 εἰς
525 544 724 601 αὐτοὺς
779 548 1016 618 στοργὴν
1067 548 1140 612 ὡς
1191 551 1372 621 πατὴρ
1403 555 1540 624 πρὸς
1581 555 1785 607 τέκνα·

1896 559 2134 628 ipsisque
2169 578 2276 614 non
2337 558 2708 627 perfunctorie
2746 553 3014 625 providet,
3065 557 3259 604 cartera
3312 554 3448 605 bona

241 637 320 686 καὶ
349 635 521 688 ταῦτα
553 638 744 704 τίνας;
800 641 1054 702 Αίπόλεις
1110 643 1204 694 καὶ
1252 647 1534 713 ποιμένας,
1594 647 1781 714 βουκόο

238 727 348 787 λους
372 743 429 778 τε
464 730 558 781 καὶ
605 731 1009 800 χοιροόοσκοὺς,
1040 735 1302 805 γεωργῶν
1328 738 1518 799 παῖδας
1561 740 1654 791 καὶ
1703 741 1788 792 ἰτε-

239 821 513 889 ποφορϐῶν
547 838 559 852 ·
589 823 724 890 πρὸς
749 826 856 894 γὰρ
899 826 999 892 τὴν
1031 828 1290 897 τοιαύτην
1323 830 1565 883 διάθεσιν
1599 835 1786 885 κάκτῐ-

237 931 306 966 νοι
339 916 474 985 ὑπὲρ
525 917 620 970 τοῦ
676 919 918 988 ἀρχηγοῦ
978 921 1076 992 τὴν
1108 923 1252 992 ζωὴν
1302 925 1482 978 αὐτῶν
1526 928 1601 987 εἰς
1634 927 1785 979 οὐδὲν

235 1007 547 1074 λογίζοντες,
582 1011 783 1079 μᾶλλον
812 1013 949 1082 ὑπὲρ
983 1017 1082 1084 τῆς
1129 1017 1288 1086 δόξης
1321 1014 1388 1090 ἦς
1420 1019 1612 1087 ἔτυχον
1647 1021 1782 1072 ἀττο-

236 1101 492 1165 ὅτιλόντες.
545 1103 632 1156 ἵνα
680 1103 754 1173 μὴ
809 1107 1084 1160 ὲκπέσωσι
1137 1109 1362 1178 ταύτης,
1397 1110 1696 1179 πάσχουσιν
1730 1113 1784 1163 ἐν

236 1193 399 1260 καιρῷ
431 1193 668 1262 πολέμου
701 1195 838 1265 ὑπὲρ
870 1196 1091 1265 ἄνδρας.
1117 1200 1210 1250 καὶ
1243 1198 1342 1268 τὴν
1384 1199 1622 1252 νικῶσαν
1649 1201 1788 1267 λαμ-

237 1284 466 1336 ϐάνουσι.
501 1286 572 1335 Τὸ
619 1288 978 1355 γνωριστικον
1027 1289 1084 1340 δὲ
1133 1292 1428 1358 σημείωμα
1475 1292 1679 1345 τούτων
1727 1291 1787 1343 τὺ

234 1374 323 1439 τῆς
350 1375 590 1445 κεφαλῆς
635 1375 921 1446 κάλυμμα,
955 1378 983 1430 ὃ
1009 1379 1152 1433 κατὰ
1194 1381 1290 1448 τὴν
1320 1383 1506 1449 κοινὴν
1540 1381 1788 1450 γλῶτταν

247 1464 523 1534 Ῥωμαίων
573 1469 852 1537 Ζαρκολᾶν
888 1470 1107 1537 λέγουσι
1150 1473 1282 1541 (ﬂ).
1317 1475 1426 1526 Kal.
1466 1475 1571 1544 γὰρ
1621 1475 1790 1528 κοινοὶ

236 1558 422 1619 πάντες
455 1558 688 1626 Τοῦρκοι
724 1562 785 1611 τὸ
811 1561 941 1614 αὐτὸ
972 1563 1214 1631 χρῶνται
1243 1565 1316 1627 ὡς
1351 1566 1594 1635 κεφαλῆς
1627 1583 1784 1634 περιτ

234 1650 469 1702 ϐόλαεονο
499 1653 547 1704 οἱ
580 1652 677 1720 μὲν
711 1652 915 1716 πάντες
965 1655 1077 1707 ὅσοι
1127 1654 1185 1721 ἐξ
1221 1656 1450 1710 ἰδιωτῶν
1483 1659 1577 1711 καὶ
1615 1659 1672 1722 ἐξ
1703 1659 1792 1711 εὑ-

233 1742 396 1803 γενῶν
419 1743 770 1812 τυγχάνουσι,
787 1746 1178 1812 κοκκινοσαφὲς
1194 1746 1354 1799 τοῦτο
1373 1750 1612 1818 χρῶνται
1636 1765 1652 1782 ⁸
1674 1751 1788 1802 ὅσοι

231 1833 282 1884 δὲ
310 1833 414 1885 τῶν
444 1835 746 1900 ἀλλογενῶν
771 1835 847 1904 τῷ
873 1839 972 1905 τῆς
1016 1838 1264 1900 δουλείας
1305 1840 1582 1894 ὑπέπεσον
1613 1842 1786 1912 ζυγῷ,

229 1925 524 1992 γραφέντες
552 1924 728 1979 δοῦλοι
755 1927 851 1979 τοῦ
885 1929 1158 1996 ἀρχηγοῦ,
1193 1929 1338 1983 οῦτοι
1368 1932 1665 2002 λευκόχροα
1697 1951 1790 2001 φο·
1821 1924 1862 1977 Β

231 2017 377 2085 ροῦσι
406 2019 474 2070 τὰ
520 2020 620 2085 τῆς
652 2021 892 2088 κεφαλῆς
926 2023 1251 2090 περιϐόλαια
1283 2026 1343 2077 ἐκ
1395 2025 1553 2076 πίλου
1600 2025 1793 2077 λευκο-

228 2112 382 2162 τάτου
411 2126 424 2140 ·
453 2111 788 2180 ὴμισφαιρὲς
813 2113 938 2163 ὅσον
968 2117 1161 2183 χωρεῖν
1193 2115 1429 2184 κεφαλὴ,
1452 2114 1574 2181 ἕχον
1606 2132 1794 2184 περιτ-

226 2203 378 2254 τεῦον
427 2205 630 2257 ἄνωθεν
664 2208 762 2275 τῆς
809 2207 1054 2276 κορυφῆς
1086 2208 1210 2260 ὅσον
1248 2209 1341 2260 καὶ
1375 2210 1675 2277 σπιθαμῆς,
1713 2210 1791 2268 εἰς

226 2293 318 2358 ὀξὺ
377 2297 708 2365 καταλῆγον.
765 2296 934 2350 Τοῦτο
987 2300 1170 2352 τοίνυν
1231 2300 1291 2350 τὸ
1341 2299 1620 2352 νεόλεκτον
1670 2300 1794 2351 σύν-

227 2403 408 2454 ταγμα
435 2387 555 2440 καο⁹
590 2389 818 2441 ἕκαστον
868 2391 988 2452 ἔτος
1018 2391 1489 2461 ὑπερπεριττεῦόν
1525 2394 1662 2448 ἐστι.
1700 2393 1792 2443 καὶ

224 2481 303 2540 εἰς
331 2480 389 2532 τὸ
415 2479 472 2531 ἓν
518 2480 872 2543 ἑκατοντάκις
915 2482 973 2532 ἓν
1003 2482 1342 2552 ἀριθμεῖται.
1376 2486 1483 2538 Καὶ
1532 2484 1640 2551 γὰρ
1675 2483 1794 2536 δοῦ-

224 2572 304 2622 λοι
332 2570 552 2632 δούλους
598 2571 860 2637 κτῶνται,
889 2575 983 2626 καὶ
1025 2574 1134 2625 τῶν
1161 2574 1367 2627 δούλων
1391 2577 1438 2626 οἱ
1462 2575 1639 2627 δοῦλοι
1671 2575 1792 2627 δοῦσι

223 2664 348 2725 λους
371 2681 386 2695 ο
423 2664 520 2717 καὶ⁵
545 2665 745 2726 πάντες
765 2665 1144 2733 ὀνομάζονται,
1175 2669 1265 2719 καὶ
1295 2668 1399 2720 εἰσὶ
1429 2667 1523 2720 τοῦ
1548 2665 1791 2736 ἀρχηγοῦ

221 2755 420 2808 δοῦλοι.
451 2757 564 2809 Οὐκ
589 2756 735 2809 ἔστιν
756 2758 814 2808 ἐν
833 2757 1016 2819 αὐτοῖς
1034 2756 1154 2810 οὔτε
1183 2757 1422 2829 Τοῦρκος
1436 2757 1560 2811 οὗτε
1587 2760 1648 2810 Ἀ
1662 2759 1788 2828 ραψ,

222 2851 358 2903 ἀλλά
386 2850 583 2911 πάντες
605 2847 947 2917 Χριστιανῶν
972 2850 1179 2913 παῖδες,
1218 2850 1521 2919 Ῥωμαίων,
1551 2851 1791 2919 Σέρϐιον,

234 2941 538 3004 Ἀλϐανῶν,
574 2941 922 3008 Βουλγάρων,
954 2939 1197 3010 Βλάχων,
1229 2943 1322 2994 καὶ
1372 2941 1589 2994 Οΰννων
1617 2959 1630 2972 ·
1665 2943 1795 2994 οἴτιο

222 3050 311 3094 νες
344 3032 736 3100 ἀσεϐήσαντες,
762 3031 856 3083 καὶ⁸
882 3031 973 3082 τοῦ
1011 3032 1282 3101 παρόντος
1314 3033 1409 3094 τὰς
1442 3033 1792 3095 ἀπολαύσεις,

221 3128 298 3189 ὡς
333 3129 503 3194 χοῖροι
545 3125 816 3194 λαχάνων.
851 3127 1328 3197 κατατρυφῶντες,
1359 3127 1650 3195 παρόμοιοι
1693 3125 1792 3178 κύ-

221 3237 342 3272 νεσι
369 3220 566 3270 λύτταν
616 3218 920 3280 νοσοῦντες,
957 3219 1102 3270 κατά
1132 3219 1240 3270 τῶν
1288 3219 1565 3286 ὁμογενῶν
1595 3218 1792 3288 ἔχοραν

217 3313 486 3365 ἄσπονδον
533 3310 909 3379 θανατηφόρον
962 3310 1048 3362 ἀεὶ
1081 3311 1327 3379 φέρουσι.
1376 3310 1463 3372 Ὠς
1513 3310 1621 3380 γὰρ
1652 3313 1790 3363 ἀνω-

219 3405 367 3472 τέρω
398 3403 722 3473 εἰρήκαμεν,
750 3402 832 3454 ὅτι
877 3402 1118 3469 ὑπήκοον
1153 3401 1554 3469 μεταϐάλλεται
1593 3402 1706 3469 (15)
1736 3400 1794 3464 ἐξ

216 3497 384 3549 ἐίλλου
429 3497 508 3556 εἰς
551 3495 736 3563 ἓτερον
784 3493 1023 3561 ἀρχηγὸν
1081 3493 1359 3553 εὐκόλως·
1396 3491 1536 3560 πλὴν
1587 3492 1649 3542 ἐκ
1695 3491 1793 3558 τῆς

217 3588 397 3656 αὐτῆς
427 3587 583 3656 ῥίζης
615 3584 711 3638 τοῦ
743 3584 952 3654 Ὀθμὰν
975 3582 1111 3637 εἶναι
1136 3584 1227 3636 τὸν
1250 3584 1375 3654 ήδη,
1404 3581 1514 3654 (16)
1544 3582 1634 3634 τὸν
1664 3598 1796 3634 νεω-

221 3681 315 3731 στὶ
347 3679 609 3748 ἄρξαντα,
645 3681 739 3731 καὶ
763 3677 862 3729 οὐκ
890 3676 1138 3731 ἄλλοοεν.
1171 3677 1280 3729 Καὶ
1307 3677 1368 3728 τὸ
1393 3677 1575 3729 δοῦλον
1608 3675 1794 3744 φῦλον,

215 3776 245 3825 ὃ
278 3773 577 3839 διήλθομεν
621 3771 722 3838 τὴν
755 3769 1021 3838 ἱστορίαν,
1057 3769 1149 3820 καὶ
1201 3767 1331 3820 αὐτὸ
1365 3769 1462 3837 τὴν
1508 3767 1676 3836 αὐτὴν
1707 3768 1798 3834 ὀρ-

218 3861 334 3932 μὴν
360 3862 666 3928 κέκτηται·
703 3859 862 3928 ἀρκεῖ
893 3860 999 3928 γὰρ
1032 3852 1173 3909 εἶναι
1207 3857 1298 3910 τὸν
1342 3857 1569 3926 νέαρχον
1591 3855 1797 3925 '00de-

217 3971 364 4009 νιον.
403 3955 609 4014 Πάντες
639 3952 746 4021 γάρ
775 3954 821 4004 oi
870 3950 1152 4021 ὈΘμᾶνιοι
1180 3950 1464 4018 πάτρωνες
1497 3948 1678 4000 αὐτῶν
1707 3949 1796 3998 λο-

213 4048 494 4112 γίζονται,
516 4047 609 4097 καὶ
639 4045 745 4096 eici
764 4062 775 4075 ·
801 4045 897 4097 καὶ
926 4042 1081 4097 αὐτοὶ
1106 4043 1180 4104 ὡς
1216 4042 1376 4102 ἰδίους
1400 4040 1799 4109 ἀπελευθέρους

210 4137 424 4198 αὐτοὺς
451 4138 654 4205 ἔχουσι.
699 4136 868 4189 Ἐπάν
895 4136 950 4188 δὲ
985 4135 1166 4204 ρεύσει
1207 4136 1240 4204 ἡ
1272 4133 1412 4204 ἀρχὴ
1443 4131 1502 4197 ἐξ
1527 4133 1687 4186 ἄλλου
1723 4134 1799 4193 εἰς

211 4230 438 4297 ἕτερον,
464 4229 495 4295 ἦ
525 4230 589 4279 ἐκ
613 4228 816 4296 πατρὸς
837 4228 974 4295 πρὸς
999 4227 1132 4288 υἱὸν,
1155 4226 1187 4296 ἥ
1218 4228 1297 4286 είς
1322 4226 1549 4292 ἀδελφὺν
1571 4225 1627 4289 ὲξ
1653 4223 1799 4278 ἀδελ-

217 4321 356 4391 φοῦ,
390 4322 480 4373 τὸν
507 4319 566 4372 ὃν
594 4321 626 4387 ἡ
657 4319 792 4389 τύχη
824 4319 1004 4380 καλῶς
1051 4319 1400 4386 προσϐλέψει,
1456 4319 1572 4369 ἐκεῖ
1618 4317 1712 4369 καὶ
1742 4317 1801 4368 τὸ

208 4415 412 4468 δοῦλον
435 4415 731 4466 πιστότατα
755 4416 854 4482 τὴν
878 4414 1226 4479 παράστασιν
1253 4410 1648 4480 ἀπεργάζεται.
1685 4412 1804 4478 ’Λρ-

211 4505 433 4575 sepse;
467 4504 523 4556 δὲ
567 4504 730 4557 πάλιν
762 4504 861 4572 τὴν
892 4505 1154 4572 ἱστορίαν,
1182 4502 1304 4555 ὅθεν
1346 4503 1439 4555 καὶ
1469 4505 1496 4555 ὁ
1523 4502 1677 4569 λόγος
1707 4500 1800 4552 τοῦ

206 4599 563 4666 διηγήματος
597 4596 820 4665 ἤρξατο.

1897 651 2276 714 impenimdo.
2315 650 2389 701 Ad
2432 649 2864 702 comessationes
2891 644 3444 714 compotationcsque

1900 744 2004 814 77
2035 761 2128 797 eos
2163 742 2426 805 admittit,
2472 751 2728 794 ctatnorc
2758 749 2978 808 paterno
3004 741 3152 808 ipsos
3193 748 3449 802 tanquam

1896 855 1953 892 se
1983 838 2319 904 progenitos.
2352 833 2772 903 complectitur:
2818 831 3089 898 etiamque
3147 827 3451 896 caprarios,

1892 931 2185 998 Opiliones,
2214 927 2481 981 bubulcos
2509 935 2558 982 et
2611 925 2890 981 subulcos.
2924 923 3252 975 rusticorum
3287 930 3339 971 et
3365 935 3457 972 ve-

1893 1022 2279 1074 terinariorum
2307 1021 2536 1086 prolem.
2574 1018 2711 1083 Erga
2755 1018 3139 1086 imperatorem
3174 1015 3449 1080 equidem.

1895 1116 1946 1167 in
1973 1130 2067 1166 eos
2097 1113 2169 1166 ita
2217 1129 2470 1182 pronum.
2503 1112 2579 1165 ita
2610 1127 2668 1165 se
2717 1117 2929 1179 gerunt,
2993 1116 3050 1160 ut
3095 1107 3260 1158 vitam
3297 1119 3450 1157 suam

1895 1223 1993 1277 pro
2023 1207 2111 1259 illo
2149 1208 2481 1276 profundant
2509 1223 2522 1258 :
2554 1205 2832 1272 magisque
2857 1217 2956 1270 pro
2997 1200 3197 1254 tuendo
3247 1198 3454 1250 honore

1895 1306 1949 1351 et
1979 1298 2146 1365 ¢cyloria
2170 1297 2371 1366 quibus
2400 1294 2545 1348 aucti
2591 1303 2748 1357 sunt;
2779 1302 2830 1345 et
2861 1308 2925 1345 ne
2964 1293 3030 1345 iis
3082 1289 3359 1346 excidant.
3399 1287 3452 1338 in

1895 1388 2107 1442 bellicis
2130 1386 2570 1457 expeditionibus
2604 1398 2764 1452 supra
2795 1384 3060 1435 humanas
3083 1382 3226 1434 vires
3254 1393 3457 1431 mrum-

1897 1495 1993 1532 nas
2017 1493 2078 1531 ac
2110 1479 2329 1531 labores
2359 1476 2594 1529 tolerant
2621 1492 2633 1526 :
2663 1474 2805 1527 unde
2831 1473 3113 1527 victoriam
3148 1481 3447 1538 reportant.

1898 1569 2298 1624 Discernuntur
2342 1582 2470 1622 vero
2522 1568 2596 1621 illi
2650 1567 2847 1635 capitis
2907 1573 3257 1625 ornamento,
3312 1562 3454 1630 quod

1894 1663 2108 1731 vulgari
2136 1662 2315 1730 lingua
2369 1660 2569 1715 Ποπιτεί
2603 1658 2886 1713 Zarcolam
2940 1658 3152 1710 dicunt.
3191 1655 3455 1710 Uuiversa

1896 1769 2132 1824 namque
2155 1753 2444 1807 multitudo
2487 1751 2789 1805 Turcorum
2826 1750 3014 1803 formae
3064 1749 3312 1816 ejusdem
3371 1761 3458 1812 ga-

1895 1848 2032 1908 lero,
2077 1860 2249 1912 coque
2302 1848 2559 1901 coccineo
2610 1844 2674 1897 ad
2710 1842 2994 1912 tegendum
3058 1851 3220 1908 caput
3263 1841 3454 1898 utitur,

1895 1942 2012 1993 sive
2045 1938 2275 2000 nobiles,
2303 1937 2418 1991 sive
2442 1936 2637 2002 plebei.
2671 1935 2946 2002 Quotquot
2996 1948 3124 1986 vero
3176 1930 3456 1998 peregrini

1897 2032 2097 2086 fuerint
2128 2032 2226 2086 sub
2251 2029 2536 2084 servitutis
2566 2029 2756 2096 jugum
2809 2028 2983 2091 missi,
3023 2025 3293 2092 mancipia
3351 2025 3456 2076 im-

1895 2121 2129 2188 peratori
2190 2120 2426 2191 ascripta
2475 2118 2625 2172 albos
2687 2125 2902 2184 gestant
2951 2119 3145 2182 pileos.
3206 2129 3269 2166 ex
3335 2113 3457 2165 lana

1895 2215 2284 2270 candidissima
2323 2214 2667 2282 compilatos,
2696 2213 2790 2279 qui
2825 2210 3193 2275 heniisplirerii
3229 2213 3457 2261 turmam

1894 2310 2158 2367 referunt.
2184 2323 2290 2376 quo
2311 2315 2472 2373 caput
2505 2305 2849 2371 contegitur;
2887 2304 2977 2370 qui
3020 2303 3244 2369 insuper
3295 2316 3458 2369 supra

1893 2399 2088 2466 capitis
2125 2397 2380 2450 verticem
2409 2395 2570 2462 palmi
2598 2394 2970 2462 magnitudine
3016 2394 3208 2450 erecti.
3248 2392 3298 2443 in
3333 2408 3461 2444 aru-

1893 2497 2008 2540 tum
2039 2487 2317 2541 desinunt.
2360 2486 2455 2540 Hic
2480 2485 2726 2555 profecto
2752 2500 2904 2538 nov:c
2935 2485 3142 2537 militia:
3200 2485 3334 2538 ordo
3367 2499 3463 2534 an-

1895 2582 1979 2634 nis
2014 2579 2248 2648 singulis
2293 2577 2710 2644 multiplicatur,
2765 2584 2818 2629 et
2852 2576 2946 2628 uni
2999 2586 3216 2628 centum
3270 2590 3463 2628 accen-

1893 2683 2106 2729 sentur.
2145 2669 2297 2726 Servi
2327 2671 2530 2740 quippe
2559 2668 2824 2734 mancipia
2862 2668 3162 2736 possident,
3197 2668 3286 2735 qui
3320 2669 3456 2718 alio-

1895 2783 2015 2820 rum
2046 2765 2163 2820 heri
2192 2772 2340 2822 sunt.
2368 2775 2672 2829 omnesque
2700 2766 2985 2828 putantur,
3049 2768 3206 2824 prout
3269 2772 3457 2810 revera

1895 2866 2045 2917 sunt.
2103 2856 2447 2926 imperatoris
2499 2856 2661 2908 servi.
2719 2852 2868 2906 Inter
2920 2853 3065 2920 ipsos
3099 2867 3206 2904 non
3248 2849 3461 2903 Turcus

1895 2959 1987 3004 aut
2025 2948 2200 3002 Arabs
2229 2949 2531 3017 reperitur;
2567 2961 2754 2998 verum
2785 2959 2977 2999 omnes
3007 2943 3458 2998 Christianorum

1896 3041 2012 3103 ﬁlii,
2059 3040 2401 3095 llounaeorum
2435 3038 2670 3095 scilicet.
2729 3036 3067 3096 Serviorum,
3105 3037 3458 3094 Albanorum,

1897 3130 2661 3202 Bulgarorum,Walachortun
2686 3138 2738 3181 et
2758 3128 3076 3181 liunuorum
3104 3146 3118 3187 ;
3155 3129 3272 3193 qui,
3307 3126 3464 3187 aliiu-

1895 3234 2013 3278 rata
2063 3223 2283 3292 pietate,
2329 3222 2452 3274 vitro
2515 3219 2675 3287 hujus
2726 3219 2984 3272 fruuntur
3049 3219 3282 3278 deliciis,
3322 3219 3464 3269 velut

1896 3317 2048 3387 porci
2071 3316 2312 3369 oleribus
2342 3332 2355 3368 :
2389 3314 2708 3380 similesque
2732 3312 2963 3364 canibus
2990 3310 3139 3362 rabie
3170 3309 3460 3367 Conlat‘tis.

1896 3424 2018 3463 cum
2049 3406 2472 3474 consanguineis
2504 3405 2619 3456 suis
2663 3403 2982 3456 inimicitias
3030 3402 3291 3469 capitales
3320 3415 3463 3454 sem-

1899 3515 1995 3567 pcr
2017 3507 2292 3551 exercent.
2329 3495 2395 3549 Ut
2427 3497 2676 3563 equidem
2703 3509 2862 3562 supra
2898 3494 3266 3554 narravimus,
3316 3491 3466 3544 nullo

1898 3587 2121 3657 negotio
2142 3587 2339 3639 subditi
2378 3587 2521 3636 hunc
2556 3586 2640 3637 vel
2679 3585 2830 3636 illum
2869 3586 3252 3651 imperatorem
3300 3597 3468 3650 agno-

1899 3685 2081 3740 scunt,
2105 3676 2402 3728 dummodo
2441 3691 2505 3729 ex
2535 3677 2719 3728 eadem
2751 3676 2922 3742 stirpe
2978 3675 3316 3734 Otlimauica,
3360 3687 3466 3723 non

1900 3783 1962 3820 ex
2001 3766 2129 3827 alia,
2163 3768 2420 3820 dect-ssor
2444 3782 2503 3819 ac
2529 3781 2819 3819 sur-cessor
2859 3763 3107 3832 prOgnati
3151 3764 3255 3815 sint
3286 3778 3297 3814 :
3339 3762 3468 3814 ista-

1901 3873 2006 3927 que
2068 3857 2466 3925 mancipiorum
2519 3859 2685 3920 natio,
2742 3856 2901 3922 cujus
2957 3854 3245 3907 historiam
3285 3867 3468 3920 persc-

1901 3950 2160 4017 quimur,
2217 3949 2409 4001 eodem
2474 3948 2640 3999 animi
2704 3947 2899 3999 ali‘cctu
2966 3945 3284 4012 impellitur.
3354 3941 3470 3995 lluc

1902 4040 2098 4108 quippe
2131 4039 2231 4106 ipsi
2266 4039 2399 4093 satis
2437 4049 2520 4093 est
2557 4040 2942 4107 imperatorem
2971 4052 3172 4092 novum
3209 4052 3273 4088 ex
3311 4046 3469 4100 gente

1902 4130 2225 4185 Otlimanica
2282 4141 2459 4183 ortqu
2525 4145 2669 4184 esse.
2721 4131 2923 4182 Omnes
2990 4143 3226 4196 namque
3281 4126 3350 4178 ab
3406 4141 3469 4178 ea

1903 4220 2121 4276 oriundi
2180 4222 2393 4288 patroni
2430 4235 2490 4273 ac
2543 4221 2748 4274 domini
2803 4222 3068 4288 ipsorttm,
3118 4219 3261 4271 velut
3312 4219 3473 4271 liber-

1905 4321 2108 4373 torum,
2139 4322 2264 4365 sunt
2301 4323 2354 4365 et
2382 4312 2666 4364 habentur.
2697 4311 2831 4364 Cum
2869 4322 3048 4365 autem
3089 4312 3377 4378 imperium
3404 4312 3472 4362 ab

1907 4421 2016 4459 uno
2053 4404 2118 4456 ad
2183 4407 2348 4458 alium
2402 4407 2750 4466 transfertur,
2800 4404 2882 4458 vel
2925 4419 2952 4454 a
2987 4415 3134 4471 patre
3170 4405 3232 4457 ad
3280 4405 3470 4466 lilium,

1908 4511 2000 4550 aut
2023 4494 2296 4549 afratruzn
2329 4513 2437 4549 uno
2461 4497 2522 4548 ad
2558 4497 2811 4556 alterum,
2843 4511 2968 4549 eum
3006 4510 3196 4563 nempe
3253 4496 3334 4546 cui
3363 4493 3474 4546 for-

1830 4579 1882 4637 D
1911 4598 2039 4642 tuna
2060 4588 2348 4641 arriserit:
2389 4598 2442 4641 et
2476 4588 2599 4640 huic
2631 4590 2733 4640 ista
2759 4602 3040 4641 servorum
3072 4588 3221 4639 natio
3277 4585 3475 4638 tidrlis-

207 4694 423 4745 simam
450 4703 668 4757 operam
707 4695 949 4756 pra‘stat.
981 4677 1189 4742 Iterum.
1216 4685 1282 4740 ad
1317 4685 1562 4741 historia:
1593 4682 1790 4738 seriem
1833 4691 2200 4742 revertamur.
2235 4681 2378 4734 unde
2454 4680 2682 4749 digressi
2761 4684 3138 4736 narrationem
3186 4681 3345 4734 istam
3395 4679 3477 4731 iu‘

207 4785 492 4853 cepimus.

1417 4895 1705 4958 Ismaelis
1730 4890 2029 4955 Bullialdi
2065 4895 2251 4951 nota}.

295 5030 415 5099 (ἰαί)
452 5027 766 5098 Ζαρκολᾶν
784 5026 1054 5099 λόγουσιέ
1075 5024 1281 5099 capitis,
1297 5032 1381 5081 est
1430 5031 1799 5099 tegumentum

206 5119 244 5156 c
281 5094 409 5154 lana
444 5094 589 5160 alba,
615 5114 722 5168 quo
756 5107 986 5168 utuntur
1013 5096 1308 5159 Ccnitzeri,
1355 5096 1524 5168 cujus,
1573 5094 1799 5168 formam

209 5182 276 5223 et
346 5170 572 5236 ﬁguram
610 5164 796 5220 multis
850 5168 902 5220 in
959 5167 1110 5219 libris
1145 5181 1456 5236 expressam
1516 5164 1798 5236 habemus.

209 5239 474 5293 Fimbria
507 5251 667 5290 aurea
701 5237 1035 5289 circumdata
1073 5244 1156 5288 est
1178 5235 1444 5296 Zareula;
1480 5235 1609 5286 etin
1653 5240 1806 5299 parte

208 5311 351 5376 ejus
385 5309 657 5361 anteriore
710 5310 945 5371 assurgit
1001 5306 1364 5374 cylindroides
1410 5314 1664 5371 argentea
1694 5299 1803 5376 _vcl

193 5363 378 5433 ‘arnea
421 5378 599 5431 ﬁstula
626 5394 639 5439 ;
667 5385 717 5428 et
747 5393 775 5429 a
813 5363 1013 5430 vertice
1036 5363 1090 5427 iu
1143 5378 1364 5429 dorsum
1425 5363 1604 5441 sy'rma
1638 5371 1800 5424 trium

206 5449 627 5516 sptthamarum
689 5448 1023 5516 longitudine
1081 5446 1409 5516 demittitur.
1492 5441 1799 5516 Genitzeris

207 5514 311 5571 est
349 5518 556 5583 album,
589 5514 919 5586 quibusdam
954 5516 1076 5569 aliis
1096 5521 1316 5570 rubrum
1346 5515 1397 5567 id
1427 5514 1623 5581 capitis
1644 5523 1799 5578 tegu-

209 5596 567 5727 mani)!!pr
593 5657 867 5724 ὑπήκοον
888 5657 1344 5726 μεταϐάλλεται.
1369 5655 1611 5728 Hujusce
1635 5648 1800 5707 indif-

1911 5018 2155 5073 ferentiae
2204 5017 2254 5070 in
2276 5016 2612 5084 principibus
2634 5015 2988 5084 agnoscendis
3006 5014 3275 5068 luculenta
3296 5030 3446 5069 excm

1951 5091 1996 5141 la
2027 5083 2498 5140 exliiliita’suntin
2542 5087 2796 5150 Bajazitis
2839 5083 2854 5136 Ι
2901 5086 3084 5137 liberis
3136 5096 3391 5152 quatuor.
3418 5089 3470 5138 lu

1940 5159 2228 5211 lehemetis
2254 5159 2271 5210 ι
2313 5158 2527 5208 duobus
2555 5158 2700 5216 liliis,
2737 5154 2934 5207 Muratc
2963 5165 3011 5206 et
3041 5154 3350 5220 Mustaplia.
3417 5156 3471 5208 In

1914 5230 2036 5282 liliis
2081 5228 2395 5280 ldebeuietis
2453 5225 2490 5276 ll
2525 5226 2762 5290 Bajazite
2794 5224 2831 5277 ΙΙ
2890 5227 3121 5293 ejusque
3177 5228 3471 5278 fratribus:

1914 5298 2112 5354 sultani
2137 5314 2354 5364 quoque
2381 5298 2710 5349 Suh-imauis
2738 5296 2956 5348 litteris:
2991 5305 3042 5346 et
3065 5298 3277 5348 tandem
3309 5296 3475 5348 hor-re

1913 5367 2113 5420 sicculo
2143 5367 2195 5419 in
2228 5369 2504 5420 Aclimetis
2533 5367 2734 5419 sultani
2765 5368 2930 5419 fratre
2981 5365 3288 5436 Musmpha,
3323 5375 3376 5418 et
3411 5367 3472 5418 li-

1911 5437 2077 5490 beris.

1999 5507 2110 5576 (16)
2136 5506 2379 5560 Videntur
2412 5508 2493 5561 hic
2543 5507 2720 5559 deesse
2769 5506 2946 5574 aliqua
2997 5507 3173 5571 verba,
3203 5507 3473 5561 τεθνεῶτα

1907 5579 2021 5644 καὶ,
2046 5577 2119 5631 rel
2146 5577 2285 5647 forte
2315 5583 2453 5632 deest
2477 5588 2679 5631 tantum
2716 5577 2827 5630 καί.
