4164 6454
267 431 335 489 Π
1409 428 1781 491 HISTORIA

1917 431 2280 494 ΖᾹΝΤΙΝΑ.

3367 428 3472 491 978

228 542 435 604 πόλεως
493 541 668 611 μῆνας
725 541 908 610 τρεῖς·
949 539 1087 610 μετὰ
1120 540 1174 592 δὲ
1231 540 1291 594 τὸ
1340 542 1652 612 ἐγερθῆναι,
1704 541 1797 595 καὶ

1917 558 2021 597 )em
2072 543 2439 613 oppugnando
2491 545 2768 612 transegit.
2830 545 3018 600 Soluta
3067 542 3272 596 deinde
3323 542 3480 595 obsi-

226 633 493 684 εἰσελθεῖν
520 634 578 685 ὲν
604 635 670 702 τῇ
706 633 1012 702 Ἀδριανοῦ,
1054 633 1193 702 μετὰ
1223 635 1372 703 τρεῖς
1396 635 1609 704 ἡμέρας
1643 634 1803 704 ἔρχε-

226 742 320 775 ται
367 725 424 776 ὲν
457 723 876 778 Καλλιουπόλει.
911 725 1023 777 Καὶ
1078 724 1324 794 περάσας
1369 729 1465 779 σὺν
1499 726 1670 796 ἱκανῷ
1703 743 1804 806 πε-

229 816 367 886 ζικῷ
419 818 511 870 καὶ
570 817 771 885 ὀλίγοις
823 817 1067 880 ἱππεῦσι,
1128 818 1273 881 τινὸς
1330 820 1404 888 μὴ
1441 820 1805 886 γινώσκοντος

229 908 334 961 ποῦ
389 909 702 980 πορεύεται,
755 909 822 962 δι’
877 910 996 974 ἑνὸς
1049 912 1452 986 ήμερονυχθίου
1516 909 1664 980 πρωῒ
1725 909 1803 962 ἔτι

227 1002 448 1063 σκοτίας
478 1001 642 1070 οὔσης
669 1001 856 1068 φθάνει
889 1003 1146 1068 Νίκαιαν,
1183 1008 1276 1056 καὶ
1306 1004 1671 1073 προσημαίνει
1707 1003 1804 1075 τὴν

228 1093 444 1145 ἕλωσιν
484 1093 646 1144 αὑτοῦ
679 1096 790 1157 τοῖς
821 1097 1053 1158 πιστοῖς.
1088 1097 1198 1149 Καὶ
1227 1096 1384 1150 αὐτοὶ
1433 1095 1594 1166 θροῦν
1645 1097 1803 1167 ποιή-

231 1201 422 1247 σαντες
451 1185 508 1237 ὲν
545 1187 694 1254 μέσῳ
744 1189 839 1254 τῆς
878 1188 1114 1254 πόλεως,
1153 1188 1464 1256 ἀνοίγονται
1508 1191 1561 1241 αἱ
1617 1189 1800 1257 θύραι,

229 1276 328 1329 καὶ
376 1275 682 1330 ἀνατέλλων
741 1278 1020 1346 εισάγεται
1051 1279 1079 1331 ὁ
1107 1280 1330 1350 Μουρὰτ
1383 1281 1556 1345 ὲντδς,
1587 1282 1681 1334 καὶ
1713 1283 1803 1334 εὑ-

232 1365 344 1433 ρὼν
373 1367 464 1419 τὸν
496 1368 738 1438 μείρακα
762 1368 968 1434 ἔπνιξε,
1003 1373 1096 1425 καὶ
1125 1373 1251 1434 τοὺς
1281 1372 1448 1425 αὐτοῦ
1482 1373 1798 1438 ὑπερασπι-

231 1459 365 1521 στὰς
404 1459 764 1528 κατέσφαξεν.
793 1457 900 1514 Ἦν
931 1461 988 1514 δὲ
1023 1463 1051 1515 ὁ
1084 1462 1420 1532 Μουσταφᾶς
1451 1464 1526 1527 ὠς
1553 1464 1690 1517 ἐτῶν
1720 1465 1803 1529 ἓξ.

229 1551 363 1601 Τότε
397 1549 470 1612 ὡς
505 1546 609 1604 εἶδε
643 1552 703 1604 τὸ
730 1553 942 1607 παιδίον
971 1554 1302 1624 τεθνηκότα,
1317 1556 1608 1609 ἐκέλευσεν
1643 1556 1804 1624 ἄγειν

230 1642 363 1694 αὐτὸ
396 1643 451 1694 ὲν
476 1646 537 1713 τῇ
573 1645 812 1717 Προύσῃ,
840 1648 932 1699 καὶ
979 1647 1317 1718 παραδοῦναι
1362 1651 1438 1720 τῷ
1472 1653 1629 1721 τάφῳ
1662 1651 1804 1720 πλη-

237 1735 353 1783 οῖον
388 1734 479 1786 τοῦ
518 1735 726 1805 πατρὸς
751 1738 951 1792 αὐτῶν.
996 1741 1084 1792 Ἐν
1118 1741 1196 1811 τῷ
1226 1743 1337 1794 ἔτει
1374 1741 1568 1813 ἐκείνῳ
1604 1743 1806 1795 ἀπέθα-

234 1842 324 1876 νον
369 1830 515 1896 τρεῖς
543 1829 774 1898 ἀρχηγοὶ
803 1832 1218 1901 Μουσταιράδες,
1256 1832 1337 1898 εἷς
1380 1838 1407 1890 ὁ
1440 1837 1532 1890 καὶ
1564 1836 1802 1899 πλαστὸς

235 1921 388 1986 παρὰ
428 1922 537 1983 τςῖς
583 1921 798 1985 πολλοῖς
837 1923 1146 1994 λεγόμενος,
1185 1927 1344 1992 ἄλλος
1393 1930 1420 1981 ὁ
1454 1929 1548 1982 τοῦ
1579 1931 1806 1999 Μουρέιτ
1835 1897 1884 1958 Β

235 2012 483 2081 αδελφδς,
518 2015 612 2067 καὶ
677 2015 866 2083 ἕτερος
916 2019 944 2069 ὁ
1000 2018 1092 2071 τοῦ
1149 2020 1329 2090 Ἀτὴν,
1390 2021 1450 2074 ὃν
1518 2023 1812 2076 ἀπέκτεινε

235 2107 488 2178 Ἰξινεὴτ,
518 2109 612 2161 καὶ
673 2109 925 2178 βασιλεὺς
973 2113 1082 2167 τῶν
1122 2111 1433 2184 Ῥωμαίων,
1469 2117 1495 2169 ὁ
1527 2118 1810 2188 Μανουήλ.

245 2199 308 2254 Ὀ
364 2201 420 2252 δὲ
471 2202 697 2272 Μουρὰτ
752 2204 1064 2258 ἐπανελθὼν
1113 2208 1170 2259 ἐν
1218 2207 1680 2278 ’Λδριανουπόλει,
1714 2213 1813 2266 οὐκ

234 2291 470 2346 ἐπαύετο
499 2297 686 2360 νυκτὸς
716 2299 808 2351 καὶ
841 2298 1055 2370 ἡμέρας
1086 2301 1325 2367 ὲρευνῶν
1374 2304 1628 2375 ἀφορμήν
1660 2323 1809 2374 τινα,

233 2388 374 2441 ὥστε
407 2391 637 2459 ἀντᾶραι
664 2393 742 2463 τῷ
771 2394 1022 2466 Τζινεήτ.
1056 2397 1269 2464 Μηνύει
1299 2396 1394 2453 οὖν
1422 2401 1569 2472 αὐτῷ
1611 2402 1808 2471 λέγων’

239 2480 417 2547 Οἶδας
458 2489 564 2552 τὰς
612 2489 945 2557 συνθήκας,
979 2491 1052 2558 ἁς
1097 2510 1200 2562 μοι
1251 2496 1552 2551 συνέθουο
1610 2499 1710 2552 καὶ
1760 2500 1813 2552 ει

229 2576 348 2644 μὲν
393 2577 611 2640 ,ϐούλει
655 2581 762 2635 τοῦ
800 2579 954 2637 εἶναι
1002 2585 1191 2651 φίλον
1241 2587 1407 2653 ἐμὸν,
1439 2588 1683 2659 πέμψον
1707 2609 1812 2661 μοι

233 2669 344 2721 τὸν
388 2670 505 2724 σὸν
542 2673 676 2725 υἱὸν
726 2672 1078 2744 διαταχέων,
1111 2679 1197 2731 ὅτι
1235 2678 1442 2749 μέλλω
1482 2683 1674 2752 περᾷν
1706 2687 1814 2740 τὸν

238 2761 482 2829 Ἵστρον
511 2781 523 2794 υ
556 2767 608 2816 sl
654 2766 722 2818 δὲ
774 2763 907 2834 οὖν,
960 2770 1069 2824 ἔσο
1110 2789 1212 2839 μοι
1248 2773 1638 2844 -διακείμενος
1689 2779 1813 2833 σὺν

236 2856 364 2919 τοῖς
392 2857 553 2925 ἐμοῖς
583 2860 889 2928 ἀνηκόοις,
917 2865 1080 2932 κάγὼ
1113 2867 1180 2919 τὸ
1217 2867 1362 2936 ὅπερ
1418 2870 1540 2936 Θεῷ
1581 2874 1812 2943 βουλη-

236 2949 347 3000 τὸν
394 2952 483 3016 εἷς
525 2968 597 3005 σε
627 2954 854 3021 πράξω.
896 2955 954 3008 '0
986 2956 1218 3026 Τζινεὴτ
1273 2961 1405 3026 γοῦν
1449 2965 1807 3033 ἀπεκρίνατο,

239 3042 313 3092 ’³0
354 3057 453 3094 σοι
489 3044 807 3112 ,βουλητὸν
835 3045 1058 3114 πρᾶττε
1079 3066 1092 3080 ο
1125 3049 1240 3116 τὴν
1268 3050 1335 3102 δὲ
1365 3053 1703 3109 ἁπέκϐιισιν
1734 3058 1811 3122 τῷ

241 3133 366 3198 Θεῷ
395 3134 560 3202 ἄφες.
598 3137 814 3190 Στέλλει
845 3134 934 3191 οὖν
964 3141 1019 3191 ἐν
1051 3141 1244 3208 ἐκείνῳ
1282 3141 1358 3211 τῷ
1401 3142 1512 3197 ἔτει
1543 3147 1812 3212 Ἀκιντζί-

1913 637 2076 694 dione
2125 638 2536 708 Adrianopolim
2571 652 2876 708 regressus,
2932 639 3110 692 tribus
3175 639 3244 691 ibi
3294 648 3478 691 trans-

1914 731 2049 783 actis
2102 732 2317 796 diebus,
2377 731 2686 801 Callipolim
2735 731 3127 800 proﬁciscitur.
3203 731 3478 798 Superato

1913 820 2052 876 freto
2085 838 2208 877 cum
2238 839 2434 893 magna
2462 823 2702 893 peditum
2735 839 2923 888 manu,
2958 823 3147 891 paucis
3174 838 3300 876 vero
3328 822 3485 891 equi-

1913 916 2082 981 tibus,
2116 918 2287 982 nullo,
2323 934 2429 987 quo
2481 919 2748 983 tenderet,
2796 933 2990 987 gnaro,
3043 916 3152 971 diei
3208 917 3368 971 unius
3417 933 3481 969 ac

1913 1011 2093 1064 noctis
2118 1011 2322 1065 itinere
2347 1025 2530 1074 mane,
2560 1018 2853 1077 antequam
2878 1011 3204 1072 lucesceret,
3240 1008 3476 1062 Nicaeam

1912 1104 2178 1173 pervenit;
2222 1102 2622 1174 advenisscque
2683 1104 2959 1173 signiﬁcat
3013 1104 3082 1159 iis
3114 1103 3206 1172 qui
3267 1103 3320 1156 iu
3386 1102 3487 1154 title

1913 1207 2251 1250 manserant.
2299 1196 2401 1250 Per
2434 1212 2596 1265 quos,
2634 1198 2876 1252 excitato
2909 1197 2963 1251 in
2996 1197 3172 1251 media
3207 1196 3346 1251 urbe
3394 1205 3482 1247 tu-

1913 1289 2113 1356 multu,
2171 1291 2505 1360 portzeipsi
2570 1293 2922 1362 aperiuntur,
2985 1291 3305 1356 orienteque
3374 1291 3489 1346 sole

1914 1380 2149 1436 liorates
2178 1384 2322 1436 intra
2359 1399 2548 1438 muros
2600 1376 2893 1454 accipitur.
2948 1385 3244 1438 Inventum
3279 1382 3489 1436 Musta-

1914 1471 2078 1541 pham
2131 1488 2408 1529 annorum
2451 1474 2565 1529 fere
2624 1490 2720 1529 sex
2773 1490 3004 1544 puerum
3057 1475 3391 1543 strangulat.
3438 1482 3493 1528 et

1911 1564 2028 1634 eius
2069 1567 2336 1622 satellites
2388 1567 2610 1634 perimit
2647 1584 2658 1620 :
2703 1573 2870 1635 utque
2917 1580 3142 1634 puerum
3206 1578 3487 1620 morzuum

1913 1659 2220 1724 conspexit,
2280 1658 2512 1712 cadaver
2571 1657 2802 1712 Prusam
2868 1657 3020 1720 ferri,
3071 1659 3215 1712 etin
3263 1669 3489 1725 paterno

1913 1759 2278 1804 monumento
2324 1751 2541 1819 sepeliri
2588 1751 2779 1819 jussit.
2831 1749 2991 1803 Anno
3048 1750 3139 1803 illo
3186 1757 3298 1803 tres
3345 1751 3490 1816 priu-

1915 1846 2090 1913 cipes,
2125 1843 2326 1913 quibus
2356 1843 2675 1912 Mustaplias
2700 1858 2900 1897 nomen
2931 1851 3070 1902 erat,
3114 1841 3224 1896 fato
3257 1857 3488 1895 conces-

1918 1947 2153 1995 serunt:
2192 1945 2332 1992 unus
2391 1938 2484 2006 qui
2553 1936 2816 2006 Bajazitis
2880 1935 3023 1990 t'ilins
3077 1935 3396 1989 subdititius
3464 1951 3490 1987 a

1919 2032 2111 2086 multis
2143 2032 2390 2087 creditus
2425 2042 2543 2096 est;
2587 2031 2728 2084 alter
2770 2030 2995 2082 Moralis
3045 2028 3252 2094 frater;
3297 2029 3493 2082 tertius

1917 2124 2098 2178 Atinis
2144 2139 2335 2194 nepos,
2389 2139 2550 2194 quem
2589 2124 2833 2178 Cineites
2899 2123 3134 2188 occidit;
3195 2123 3494 2191 eodemque

1918 2230 2062 2269 anno
2103 2217 2403 2285 imperator
2436 2215 2650 2269 Manuel
2698 2215 2857 2269 obiit.
2894 2213 3131 2268 Morates
3190 2225 3380 2283 postea
3421 2217 3494 2266 Λ-

1916 2308 2283 2377 drianopolim
2338 2323 2594 2364 reversus
2653 2319 2819 2364 noctu
2865 2321 2917 2384 et
2968 2308 3203 2364 interdiu
3263 2306 3493 2360 medita-

1917 2399 2102 2466 batur,
2149 2416 2254 2472 qua
2317 2402 2496 2470 specie
2531 2417 2595 2458 ac
2645 2413 2912 2470 praetextu
2972 2402 3238 2455 (lim-item
3290 2397 3492 2451 adoriri

1917 2502 2101 2563 posset
2154 2512 2168 2549 :
2226 2506 2562 2565 quapropter
2595 2496 2886 2566 .ejusmodi
2945 2493 3267 2548 mandatum
3319 2491 3366 2545 ci
3418 2492 3494 2544 si-

1916 2587 2139 2657 gniﬁcat
2177 2606 2190 2642 :
2228 2590 2377 2654 Quas
2433 2590 2764 2643 conditiones
2813 2589 2907 2642 tibi
2946 2588 3186 2650 tulerim,
3223 2598 3377 2650 tuque
3410 2600 3498 2635 σεο

1915 2682 2112 2748 ceperis
2166 2689 2304 2735 recte
2341 2682 2663 2746 meministi;
2696 2685 2872 2752 itaque
2920 2682 2966 2734 si
2998 2682 3050 2734 iu
3102 2679 3344 2732 amicitia
3392 2693 3499 2728 me-

1915 2789 2033 2826 cum
2095 2786 2428 2838 perseverare
2476 2775 2621 2838 velis,
2657 2773 2829 2842 ﬁlium
2882 2780 3029 2825 tuum
3092 2771 3236 2824 illico
3301 2771 3368 2821 ad
3419 2785 3498 2820 me

1915 2865 2083 2928 mitte,
2126 2863 2326 2918 Istrum
2364 2867 2554 2934 quippe
2587 2867 2836 2935 trajicere
2871 2865 3066 2934 cogito.
3111 2862 3209 2918 Sin
3253 2878 3365 2939 νει-ρ
3420 2863 3499 2913 ita

1915 2955 2135 3022 a/Tectue
2186 2972 2312 3020 erga
2353 2972 2433 3009 me
2493 2955 2682 3022 fueris,
2728 2966 2786 3008 ut
2836 2955 2990 3023 jussu
3032 2969 3143 3006 mra
3200 2951 3496 3004 detrectes:

1915 3047 1968 3100 in
2000 3054 2047 3100 te
2097 3055 2254 3112 prout
2313 3045 2421 3098 Deo
2473 3049 2642 3100 visum
2692 3045 2853 3113 fuerit
2907 3060 2985 3097 me
3038 3059 3238 3114 geram.
3303 3041 3381 3092 ΛιΙ
3435 3058 3496 3090 νει

1915 3141 2195 3208 respondit
2220 3138 2460 3193 Cineites
2498 3156 2510 3191 :
2552 3138 2660 3191 Pro
2692 3139 2849 3190 libitu
2900 3147 2988 3189 tuo
3043 3154 3157 3204 age,
3197 3151 3496 3188 successum

237 3226 331 3285 δας
387 3227 498 3296 (49)
555 3231 610 3282 ἐν
671 3230 872 3302 Βλαχίᾳ
932 3233 1025 3285 καὶ
1078 3235 1136 3286 ἐν
1168 3236 1366 3307 Σερόίᾳ
1414 3237 1678 3292 δεικνύων
1718 3242 1812 3312 τὴν

1923 3246 2042 3283 vero
2088 3228 2196 3283 Deo
2257 3230 2524 3295 permitte.
2579 3228 2672 3284 Ille
2728 3228 2896 3297 igitur
2949 3229 3001 3280 in
3061 3225 3404 3280 Walacliiam
3446 3236 3499 3277 ct

239 3319 545 3389 ἀνάῤῥησιν
603 3320 792 3376 αὑτοῦ.
852 3323 1146 3393 Ἐρχονται
1221 3323 1313 3380 οὖν
1395 3329 1814 3403 ἀποκρισιάριοι

239 3409 502 3462 πάντοθεν
537 3413 1037 3483 προσαγορεύοντες
1087 3417 1236 3486 αὐτῷ
1286 3420 1353 3471 τὰ
1389 3421 1487 3487 τῆς
1518 3425 1815 3492 ἡγεμονίας

238 3501 480 3554 εἰσόδιαο
522 3505 615 3555 καὶ
667 3505 774 3557 ἀπὸ
822 3506 913 3558 τὸν
966 3507 1233 3576 δεσπότην
1279 3509 1533 3578 Σερϐίας,
1583 3514 1674 3568 καὶ
1711 3517 1816 3570 ἀπὶ

242 3594 499 3662 βαῖόόδαν
530 3596 758 3665 Βλαχὲας
785 3613 799 3627 ο
847 3599 1106 3666 ἐποίησεν
1153 3597 1247 3652 οὖν
1277 3602 1505 3673 εἰρήνην
1540 3607 1637 3658 σὺν
1671 3610 1814 3660 ὲκεί-

238 3706 372 3750 νοις.
407 3688 563 3742 Μετὰ
623 3689 677 3741 δὲ
728 3692 822 3744 τοῦ
881 3690 1147 3759 βασιλέως
1193 3693 1445 3747 Ἰωάννου
1500 3697 1600 3748 οὐκ
1649 3694 1717 3765 ἦν
1755 3699 1815 3752 τὸ

243 3780 467 3833 σύνολον
515 3783 893 3851 ὴμερωθῆναι,
927 3783 1044 3836 ἀλλ’
1099 3784 1326 3854 ἔτρεφεν
1379 3787 1582 3857 ἔχθραν
1616 3789 1816 3844 ἄσπον-

241 3874 353 3925 δον.
396 3873 482 3935 Ὠς
523 3869 614 3926 οὖν
649 3873 749 3925 οὐκ
782 3873 1021 3943 ἠδυνήθη
1056 3891 1109 3926 τι
1143 3876 1347 3944 πρᾶξαι
1396 3880 1536 3932 κατὰ
1573 3880 1671 3947 τῆς
1721 3882 1814 3934 πέ-

238 3963 398 4026 λεως,
432 3961 568 4032 πρὸς
596 3963 659 4016 τὰ
698 3963 839 4033 μέρη
888 3966 988 4033 τῆς
1017 3963 1312 4027 Θετταλίας
1347 3965 1448 4035 τὴν
1499 3967 1675 4038 ὁρμὴν
1720 3967 1815 4022 τοῦ

241 4058 361 4117 νοὸς
393 4052 524 4125 εἶχε,
558 4057 652 4109 καὶ
684 4057 820 4127 πρὸς
845 4057 942 4119 τὰς
977 4056 1210 4124 ἐμϐολὰς
1236 4057 1334 4124 τῆς
1379 4057 1810 4129 Πελοποννήσου,

243 4151 339 4203 καὶ
395 4153 451 4202 ὲν
507 4152 618 4212 τοῖς
674 4148 946 4217 αἰγιαλοῖς
1001 4151 1113 4210 τοῖς
1167 4151 1310 4203 κατὰ
1361 4149 1453 4203 τὸν
1501 4151 1812 4221 Στρυμόνα.

241 4243 474 4312 Πέμψας
502 4245 592 4295 οὖν
639 4243 798 4296 ἱκανὰ
847 4242 1257 4312 στρατεύματα,
1293 4242 1503 4296 ἔκλεισε
1542 4243 1816 4297 Θεσσαλο-

237 4339 396 4404 νίκην
434 4338 528 4388 καὶ
561 4336 627 4388 τὰ
681 4335 841 4404 πέριξ
903 4335 1201 4402 ἐλεηλάτει.
1261 4335 1333 4387 Τὸ
1388 4335 1682 4403 Ζητούνιον
1725 4339 1816 4389 καὶ

235 4434 307 4485 τα
337 4430 492 4499 πέριξ
528 4426 847 4496 ὲκούρσευε.
879 4421 987 4479 Ἦν
1035 4427 1088 4478 δὲ
1127 4427 1247 4478 τότε
1281 4428 1338 4478 ὲν
1370 4428 1651 4498 Ζητουνίῳ
1687 4440 1817 4480 στα-

235 4525 352 4585 λεὶς
400 4525 477 4585 εἰς
535 4520 802 4574 ὑπατείαν
860 4518 1373 4586 Καντακουζηνὸςὸ
1418 4518 1814 4590 Στρκυομήτης

1923 3321 2164 3376 Serviani
2193 3321 2491 3376 Akincidas
2538 3321 2730 3384 mittit,
2765 3321 2858 3390 qui
2910 3319 3228 3373 nuntiarent
3281 3319 3412 3386 ipsis
3443 3335 3501 3371 se

1921 3430 2101 3485 regem
2184 3415 2584 3484 proclamatum
2680 3428 2826 3468 esse.
2897 3411 3275 3481 Uudequaque
3327 3410 3507 3480 igitur.

1925 3506 2189 3559 accedunt
2230 3505 2592 3572 apocri.iarii,
2657 3505 2749 3574 qui
2800 3505 2900 3573 ipsi
2936 3504 3283 3574 principatus
3339 3503 3496 3556 initia

1921 3601 2397 3667 congratulantur.
2435 3599 2717 3652 Venerunt
2743 3599 2908 3652 etiam
2942 3613 2971 3651 a
3009 3597 3240 3666 despota
3293 3594 3498 3650 Serviat:

1919 3699 1974 3744 et
2040 3692 2270 3745 vaivoda
2314 3691 2659 3756 Walachiae,
2729 3708 2853 3745 cum
2905 3692 3108 3761 quibus
3167 3705 3353 3759 pacem
3405 3690 3496 3742 lir-

1921 3785 2089 3840 mavit
2120 3803 2132 3840 :
2167 3800 2289 3838 cum
2317 3787 2650 3853 imperatore
2679 3783 2891 3839 Joanne
2923 3786 2973 3838 in
3008 3786 3241 3855 gratiam
3271 3793 3327 3840 et
3357 3784 3497 3839 ami-

1897 3873 2102 3929 citiam
2137 3874 2318 3928 redire
2368 3877 2594 3929 omnino
2631 3876 3018 3939 aversabatur,
3076 3876 3258 3928 animo
3294 3875 3486 3928 odium

1920 3967 2152 4037 capitale
2185 3977 2429 4037 gestans.
2486 3968 2618 4022 Cum
2663 3970 2843 4037 itaque
2871 3969 2921 4020 in
2963 3968 3098 4022 Orbe
3149 3967 3310 4038 106
3359 3967 3500 4020 Coti-

1918 4061 2275 4129 S'autinopoli
2321 4063 2683 4130 Oppugnantla
2710 4061 3010 4128 quidquam
3069 4059 3336 4129 proiicere
3385 4073 3495 4112 non

1919 4151 2474 4220 posset,Tliessaliam
2501 4152 2667 4205 animi
2691 4153 2898 4222 impetu
2931 4162 3110 4215 actus,
3134 4149 3492 4218 Peloponnesi

1921 4244 2209 4306 istlunum,
2235 4253 2288 4298 et
2324 4245 2598 4298 maritima
2633 4245 2753 4298 loca
2791 4245 2858 4297 ad
2884 4245 3024 4298 ostia
3054 4242 3367 4312 Strymonis
3388 4242 3492 4296 sita

1921 4334 2155 4389 invadit.
2215 4337 2376 4389 Misso
2428 4336 2592 4391 etiam
2653 4336 2855 4404 ingenti
2900 4337 3118 4402 agmine
3151 4334 3499 4388 Thessalom-

1921 4443 2038 4482 cam
2097 4427 2426 4491 circumdat,
2503 4443 2804 4496 agrumque
2887 4426 3301 4495 circumjeclum
3353 4440 3498 4494 pra:-

1923 4519 2240 4573 tlationibus
2271 4529 2465 4573 vastat.
2505 4520 2799 4574 Zetunium
2840 4521 3132 4588 vicinaque
3157 4519 3274 4572 loca
3311 4519 3496 4571 incur-

243 4621 432 4688 ἀνδρες
462 4613 647 4688 [ἀνὴρ]
680 4617 948 4681 γενναῖος,
986 4614 1033 4664 ει
1064 4613 1168 4683 χρὴ
1197 4612 1384 4665 καλεῖν
1427 4613 1589 4663 αὑτὸν
1617 4613 1812 4684 ἄνδρα,

1926 4609 2175 4663 sionibus
2218 4611 2543 4679 populatur.
2603 4609 2832 4664 Zetuuio
2883 4621 3008 4662 tunc
3041 4617 3268 4678 praerat
3301 4605 3502 4660 Canta-

236 4711 470 4777 ποιήσας
510 4705 751 4774 μεγάλην
803 4703 1004 4770 ζημίαν
1061 4705 1118 4755 ἐν
1172 4702 1405 4762 ἐκείνοις
1455 4703 1564 4762 τοῖς
1623 4703 1823 4768 μέρεσι

231 4803 367 4865 τοὺς
415 4798 804 4860 κατοικοῦντας
847 4796 1146 4865 Τοὺρκους,
1191 4795 1280 4847 καὶ
1329 4793 1610 4862 περιέπωι
1638 4797 1821 4860 ἀσφα-

233 4897 346 4953 hii;
402 4893 469 4946 τὰ
525 4890 686 4959 πέριξ
739 4889 831 4942 τοῦ
880 4887 1194 4958 Ζητουνίου,
1251 4888 1346 4938 καὶ
1396 4885 1456 4942 τὸ
1517 4885 1811 4954 πολίχνιον.

250 4986 582 5054 Ἐτοιμάσας
637 4983 729 5036 τὸν
778 4982 876 5051 τῆς
918 4980 1092 5050 Ἐῴστ
1139 4978 1368 5048 στρατὸν
1426 4978 1558 5046 (50),
1601 4980 1812 5046 πέμπει

241 5080 592 5148 στρατάρχην
655 5075 879 5143 ὀνόματι
945 5072 1170 5125 Χαλίλιν
1217 5071 1338 5123 τινὰ
1401 5070 1673 5137 Ῥωμαῖον
1739 5071 1815 5140 τῷ

241 5175 413 5240 γένει,
454 5170 698 5240 γαμὸρὺν
735 5168 822 5218 ἐπ’
849 5166 1054 5235 ἀδελφῇ
1097 5163 1192 5215 τοῦ
1230 5164 1816 5233 προμνηιιονιυθέντος

244 5260 551 5330 Παγιαζὴτ,
603 5259 662 5311 ὃν
716 5259 1003 5310 ἀπέκτεινε
1053 5255 1286 5322 Τζινεὴτ
1337 5252 1419 5304 ἔτι
1470 5250 1544 5303 ὣν
1593 5253 1688 5304 σὺν
1739 5251 1817 5321 τῷ

242 5352 593 5420 Μουσταφᾷ·
637 5350 731 5402 καὶ
785 5345 849 5416 δὴ
909 5346 1090 5398 λαὸὼν
1150 5345 1249 5407 τὰς
1290 5344 1549 5412 δυνάμεις
1602 5345 1821 5406 ἁπάσας

1929 4717 2167 4755 cuzenus
2239 4703 2600 4755 Stravomctis
2681 4703 2784 4765 vir,
2839 4703 2882 4756 si
2940 4701 3207 4755 dicendus
3261 4700 3343 4754 vir
3393 4709 3497 4763 est,

1926 4809 2245 4864 generosus,
2281 4795 2374 4864 qui
2413 4796 2534 4849 illas
2583 4795 2839 4864 regiones
2877 4797 3168 4864 ipsumque
3203 4793 3492 4848 Zetunium

1926 4888 2228 4954 tutabatur,
2292 4890 2640 4959 tuatimaque
2697 4891 2892 4943 damna
2949 4889 3146 4942 Turcis
3183 4888 3295 4940 illic
3346 4886 3499 4940 babi-

1925 4983 2166 5036 tantibus
2218 4982 2498 5036 intulerat.
2553 4982 2690 5036 Cum
2748 4991 2927 5035 autem
2980 4981 3217 5034 Morates
3260 4977 3499 5033 Orientis

1920 5075 2106 5140 conisis
2165 5074 2214 5126 in
2283 5091 2448 5127 unum
2516 5074 2850 5136 adunasset,
2909 5074 3107 5128 ducem
3171 5073 3238 5127 iis
3294 5071 3497 5124 Halilin

1921 5168 2209 5234 quemdam
2256 5168 2500 5234 praefecit
2536 5183 2736 5236 genere
2785 5166 3093 5228 Romam"),
3142 5165 3238 5234 qui
3282 5163 3499 5231 Bajazi-

1921 5260 1991 5310 tis
2015 5272 2041 5309 a
2075 5257 2286 5312 Cineite
2321 5259 2620 5328 Mustaphre
2647 5270 2826 5326 partes
2861 5269 3123 5329 sequente
3153 5258 3326 5312 occisi
3408 5272 3500 5310 so-

1925 5363 2104 5402 rorem
2161 5351 2458 5421 conjugem
2509 5354 2798 5408 habuerat.
2835 5351 2884 5406 ls
2924 5352 3091 5406 ducto
3139 5364 3328 5406 secum
3383 5358 3498 5402 toto

239 5446 380 5513 πρὸς
412 5446 479 5496 τὰ
526 5443 667 5511 μέρη
705 5439 1112 5507 Φιλαδελφείας.
1155 5438 1212 5490 ὐ
1255 5435 1312 5488 δὲ
1361 5434 1589 5504 Τζινεὴτ
1624 5435 1685 5487 τὸ
1721 5454 1812 5487 πα-

1924 5442 2166 5496 exercitu
2203 5442 2590 5514 Philadelphia:
2615 5445 2824 5500 vicinas
2854 5444 3104 5514 regiones
3131 5444 3262 5497 adit.
3293 5441 3496 5497 Verum

1396 5550 1684 5613 Ismaelis
1732 5551 2026 5613 Bullialili
2071 5565 2257 5619 notae.

322 5692 434 5759 (19)
477 5689 846 5755 Ἀκιντζῖδας.
887 5688 949 5759 ιιι,
974 5697 1076 5751 est,
1113 5700 1389 5747 cursores,
1432 5683 1593 5735 Act-in
1623 5697 1816 5735 excur-

243 5758 350 5818 sin.
385 5763 644 5815 llicuntur
678 5763 839 5813 etiam
895 5758 1142 5811 Akenzii.

318 5834 428 5898 150)
465 5831 800 5896 Ετοιμόσας
827 5829 932 5881 τὸν
951 5827 1058 5895 τῆς
1075 5827 1260 5898 Ἐῴας
1281 5826 1561 5898 στρατόν.
1585 5822 1714 5898 Qua:
1750 5837 1814 5874 ex

237 5891 620 5958 llanivaldinis
655 5891 1212 5956 monumentisrefert
1243 5891 1633 5960 Lcunclavius,
1668 5891 1826 5946 llucee

1929 5687 2226 5741 narrationi
2261 5690 2433 5756 magis
2460 5697 2792 5757 congruunt,
2823 5703 2987 5756 quam
3022 5701 3143 5754 quae
3185 5683 3492 5757 ex_Veranc

1928 5759 2080 5810 tiauo
2113 5759 2203 5812 lib.
2234 5755 2488 5828 excerpta
2528 5755 2676 5813 sunt.
2710 5755 2987 5814 Laonicus
3023 5757 3185 5828 hujus
3211 5755 3504 5828 adversus»

1926 5828 2190 5884 liiucitem
2224 5826 2584 5898 expeditionis
2620 5831 2827 5883 nullum
2863 5829 3086 5882 verbum
3122 5826 3269 5879 facit.
