4164 6454
239 425 317 494 96!

239 552 306 617 εἰς
327 551 615 621 Νύμφαιον
649 551 838 605 ἐλθών.
861 551 1035 605 Κάκεῖ
1063 553 1276 616 circinat;
1307 553 1542 623 Ἔφεσον
1570 553 1793 627 [κάκεῖο
1830 557 1872 611 Α

239 649 316 702 θιν
358 646 580 716 ἀπάρας
611 646 690 708 είς
736 646 990 720 Ἔφεσον]
1034 644 1188 719 ἦλθε,
1244 650 1336 702 καὶ
1393 652 1604 714 πάντας
1665 648 1792 712 τοὺς

242 741 601 809 μεγιστάνους,
636 742 730 794 καὶ
773 743 899 805 τοὺς
948 744 1006 798 ἐν
1039 742 1309 808 ἐξουσίαις
1358 746 1527 800 ἔδωκε
1577 747 1793 809 πίστεις

236 836 318 888 καὶ
340 834 519 899 ἔλαϐε,
548 834 640 887 τοῦ
676 831 815 890 εἶναι
851 838 1063 901 ἀθώους
1100 839 1207 891 ἀπὸ
1238 843 1440 904 παντὸς
1467 843 1646 897 δόλου.
1679 844 1790 898 Καὶ

236 929 377 990 αὐτὸς
418 930 604 994 αὐτοῖς
633 931 903 1002 ὑπέσχετο
953 931 1047 987 τοῦ
1098 935 1280 988 δοῦναι
1307 939 1426 1000 ἑνὸς
1461 938 1694 992 ἑκάστου
1729 941 1791 992 to

239 1021 554 1090 σιτηρέσιον,
597 1026 691 1077 καὶ
717 1026 808 1078 τὸν
836 1029 1024 1092 τόπον,
1056 1032 1151 1083 καὶ
1182 1031 1278 1100 τὴν
1304 1034 1495 1102 τιμήν.
1526 1034 1698 1094 mea;
1737 1036 1794 1088 δὲ

236 1113 421 1184 γράφει
454 1118 546 1169 καὶ
581 1118 790 1187 πέμπει
830 1121 967 1191 πρὸς
1019 1123 1111 1176 τδν
1153 1125 1398 1194 ἡγεμόνα
1433 1126 1794 1192 ἀπαγγέλλων

234 1205 434 1260 ἅπαντα
469 1209 537 1262 τὰ
587 1210 878 1278 γενόμενα.
920 1214 1007 1276 Ὠς
1036 1216 1237 1284 ἤκουσε
1294 1217 1391 1285 τὴν
1426 1220 1520 1270 τοῦ
1565 1218 1796 1288 Τςινεὴτ

234 1300 421 1367 φυγὴν,
454 1301 548 1354 καὶ
587 1305 688 1371 τὴν
716 1304 812 1357 τοῦ
845 1306 962 1359 υίοῦ
991 1308 1157 1360 αὑτοῦ
1190 1309 1276 1362 διὰ
1306 1310 1398 1362 τοῦ
1423 1308 1597 1364 Χαλὶλ
1627 1329 1790 1378 γεγο-

235 1393 376 1443 νυῖαν
428 1395 730 1462 ἀριστείαν,
767 1396 934 1450 ἔδωκε
989 1399 1090 1468 τὴν
1138 1402 1410 1470 ἐπαρχίαν
1467 1403 1546 1472 τῷ
1596 1403 1791 1458 Χαλίλ.

247 1483 376 1538 ’Δντ’
405 1486 569 1542 αὑτοῦ
602 1489 658 1542 δὲ
695 1489 902 1544 στέλλει
928 1493 1020 1546 τὸν
1059 1494 1310 1562 Χαμζᾶν,
1343 1495 1402 1557 ὃς
1430 1490 1498 1563 ἦν
1525 1498 1795 1564 γυναικά-

234 1578 413 1646 δελφος
470 1581 564 1634 τοῦ
626 1584 818 1648 Χαλὶλ,
858 1586 1084 1654 ἀδελφὸς
1113 1588 1168 1641 δὲ
1225 1588 1322 1641 τοῦ
1379 1590 1665 1661 Παγιαζὴτ
1717 1591 1795 1662 (ὃν

235 1671 476 1739 ἐφόνευσε
526 1676 756 1746 Τζινεὴτ
803 1679 861 1730 ἐν
903 1680 1023 1742 ταῖς
1053 1681 1289 1750 ἡμέραις
1319 1681 1412 1733 τοῧ
1445 1683 1793 1750 Μουσταφᾶ),

231 1763 318 1816 τοῦ
354 1766 709 1835 περιϐλέπειν
745 1770 840 1824 καὶ
883 1774 1239 1842 περισκοπεῖν
1285 1774 1385 1842 τὴν
1429 1772 1672 1843 ’Υψηλὴν
1702 1775 1798 1826 καὶ

232 1858 542 1926 πολεμίζειν
575 1861 768 1932 αὐτὴν,
798 1864 894 1916 καὶ
951 1867 1248 1935 προσέχειν
1279 1868 1560 1936 ἐπιμελῶς
1596 1868 1688 1921 τοῦ
1724 1871 1799 1939 μὴ
1829 1905 1876 1963 Β

231 1953 532 2024 διαδρᾶναι.
564 1955 622 2008 Ὀ
645 1956 722 2022 δὲ,
750 1959 892 2027 ὀρῶν
928 1960 984 2011 ἐν
1007 1960 1175 2030 στενῷ
1205 1962 1272 2013 τὰ
1304 1963 1606 2030 πράγματα
1643 1962 1798 2026 ὅντα,

232 2047 455 2101 ἔπλευσε
517 2050 606 2103 διὰ
657 2053 958 2122 θαλάσσης.
1021 2050 1148 2124 Είχε
1211 2057 1319 2124 γὰρ
1370 2056 1427 2107 ὲν
1482 2059 1545 2125 τῇ
1591 2055 1801 2125 Ὑψηλῇ

233 2139 354 2206 τρία
386 2139 544 2194 πλοῖα
571 2141 754 2212 διήρη,
787 2145 883 2195 καὶ
934 2144 1199 2197 εἰσελθὼν
1228 2146 1307 2208 είς
1344 2147 1483 2199 αὐτά
1518 2146 1673 2200 ἔπλει
1705 2148 1805 2214 τὴν

236 2233 371 2302 πρὸς
448 2235 773 2303 Παμφυλίαν
851 2237 1142 2292 θάλατταν.
1196 2239 1558 2308 Καταστήσας
1627 2241 1686 2291 ἐν
1739 2242 1804 2308 τῇ

250 2322 456 2394 Ὑψηλῇ
494 2325 583 2378 τὸν
629 2327 795 2380 αὐτοῦ
841 2328 1069 2396 ἀδελφὸν
1120 2330 1411 2400 Παγιαζὴτ
1466 2331 1807 2399 καλούμενον

235 2419 494 2488 ἄρχοντα,
541 2423 632 2473 καὶ
683 2424 1063 2492 παραγγείλας
1097 2426 1261 2477 αὐτὸν
1288 2423 1382 2477 τοῦ
1424 2424 1806 2492 ἐπιμελεῖσθαι

236 2515 334 2581 ὅση
384 2514 614 2583 δύναμις
644 2516 704 2569 τὸ
752 2516 1071 2585 πολίχνιον·
1121 2514 1233 2588 εἶχε
1285 2519 1391 2588 γὰρ
1445 2520 1624 2572 πᾶσαν
1657 2520 1809 2582 ἐντὸς

236 2609 329 2660 καὶ
360 2609 640 2676 ἁρμάτων,
667 2611 762 2664 καὶ
794 2610 1124 2682 βρωμάτων,
1155 2613 1248 2664 καὶ
1278 2613 1553 2666 παντοίων
1584 2613 1805 2682 χρειῶν,

235 2699 331 2752 καὶ
386 2700 519 2752 νεῶν
553 2701 820 2756 πλείστων
874 2705 1134 2758 παντοίαν
1189 2705 1549 2774 παρασκευὴν
1584 2705 1806 2774 ἱκανήν·

236 2793 399 2855 αὐτὸς
457 2794 512 2847 δὲ
561 2795 791 2860 ἐξελθὼν
829 2797 907 2856 είς
951 2796 1222 2866 ’Λμώριον
1262 2797 1399 2866 (53),
1430 2799 1524 2851 καὶ
1561 2797 1812 2868 μηνύσας

237 2886 319 2954 τῷ
348 2888 575 2958 ἀρχηγῷ
606 2888 700 2941 τοῦ
746 2890 964 2942 Ἰκονίου
993 2891 1070 2957 τῷ
1115 2892 1413 2959 Καραμάν,
1449 2890 1525 2954 ώς
1561 2891 1812 2960 βούλεται

234 2980 333 3032 τοῦ
372 2980 763 3052 συνευρεθῆναι
819 2983 935 3051 μετ’
986 2983 1175 3048 αὐτοῦ,
1210 2983 1303 3036 καὶ
1361 2982 1556 3052 λέγους
1605 2984 1820 3051 δοῦναι,

235 3073 332 3125 καὶ
360 3071 543 3127 λαϐεῖν
580 3075 913 3141 ἀναγκαίους
939 3091 951 3104 '
999 3074 1239 3128 ἔστειλεν
1271 3075 1420 3142 αὑτῷ
1457 3076 1661 3139 ἵππους
1698 3079 1812 3130 δια-

236 3163 477 3225 κοσίους,
512 3163 606 3215 καὶ
640 3164 797 3231 λόγον
847 3165 943 3217 σὺν
999 3167 1241 3234 μερικοῖς
1289 3166 1550 3237 ἄρχουσιν
1593 3167 1813 3237 ὁρίσας.

1413 433 1786 496 HISTORIA
1830 432 2286 492 ΒΥΖΛΝΤΙΝΛ.

3360 438 3468 502 989

1904 563 2050 603 mum
2084 547 2306 602 fluvium
2343 545 2565 616 trajicit,
2595 547 3062 622 Nymphaeumque
3097 551 3247 608 venit
3283 571 3298 608 :
3346 555 3478 611 inde

1902 639 2189 697 discedens
2217 640 2493 710 Ephesum
2531 641 2960 708 contemlit,.ubi
3005 648 3325 703 convocatis
3359 665 3447 704 om

1903 733 2066 788 nibus
2106 733 2440 800 primoribus
2478 733 2638 787 tidem
2687 733 2861 799 dedit,
2911 736 3258 809 invicemque
3291 759 3448 798 saera

1900 837 2086 881 mento
2112 840 2205 881 eos
2236 827 2441 894 adegit,
2471 827 2677 882 nullam
2704 827 2955 883 fraudem
3009 831 3311 891 insidiasve
3360 839 3469 894 sibi

1900 930 2096 974 mutuo
2133 927 2468 976 structuros.
2522 922 2789 977 Promisit
2835 922 3063 994 insuper
3103 940 3470 988 commeatum

1900 1017 2132 1081 singulis
2186 1034 2245 1074 se
2303 1019 2652 1088 largiturum,
2701 1020 2903 1088 ofﬁcia,
2942 1034 2997 1080 et
3049 1025 3290 1081 honores
3328 1033 3457 1083 attri

1904 1112 2189 1167 buturum.
2248 1113 2472 1168 Litteris
2525 1129 2745 1185 quoque
2809 1117 2874 1171 ad
2948 1118 3250 1189 principem
3333 1122 3479 1176 dati-

1901 1220 2022 1272 quae
2069 1215 2221 1275 gesta
2267 1218 2446 1272 erant,
2507 1218 2925 1264 commemorat.
2956 1211 3250 1282 Comperta
3282 1213 3477 1268 Ciuei-

1901 1295 1972 1348 tis
2011 1295 2154 1363 fuga,
2208 1308 2260 1352 et
2297 1297 2489 1354 [lalilis
2541 1300 2808 1368 praeclaro
2866 1301 3131 1366 facinore,
3168 1305 3262 1374 qui
3312 1306 3478 1358 tilium

1900 1389 2052 1443 illius
2101 1390 2428 1445 debellatum
2466 1403 2729 1461 coeperat,
2775 1395 3117 1465 provinciam
3180 1398 3472 1466 regendam

1903 1482 1952 1535 ei
2017 1484 2289 1539 concedit.
2352 1482 2739 1541 Successorem
2814 1501 2944 1543 vero
3010 1488 3288 1542 sororium
3361 1491 3482 1555 ejus

1905 1572 2167 1629 liamzam
2215 1574 2474 1645 Bajazitis
2529 1575 2749 1632 fratrem
2827 1580 3008 1649 (quem
3061 1580 3325 1645 Cincitcs,
3373 1581 3489 1636 Mu-

1906 1667 2099 1734 stapha
2123 1667 2190 1722 de
2212 1668 2443 1738 imperio
2474 1678 2748 1735 certante,
2781 1681 2955 1727 morte
2982 1673 3188 1744 aﬂccit)
3213 1677 3305 1742 qui
3333 1692 3487 1728 exer-

1907 1760 2038 1813 eitui
2062 1769 2344 1828 praeesset,
2387 1761 2535 1815 misit
2569 1779 2585 1818 :
2617 1772 2786 1832 utque
2821 1763 3114 1834 llypselam
3143 1768 3485 1834 exnluraret,

1908 1867 1971 1906 ac
2003 1867 2098 1923 per
2117 1854 2380 1908 ambitum
2410 1855 2812 1922 specularetur,
2834 1869 3286 1926 expugnarctqua
3320 1878 3331 1910 :
3367 1860 3489 1912 dili-

1906 1948 2087 2014 gentia
2129 1951 2353 2015 iusuper
2378 1960 2570 2003 exacta
2606 1950 2789 2004 omnia
2858 1950 3053 2020 effugia
3097 1951 3290 2006 Cinciti
3355 1969 3492 2020 pra»

1908 2039 2317 2095 sciudercntur.
2379 2039 2501 2104 Hic,
2553 2058 2642 2097 res
2698 2058 2826 2097 suas
2875 2044 2928 2097 in
2972 2054 3202 2112 angusto
3240 2045 3491 2098 redactus

1908 2131 2377 2199 auimadvertens,
2443 2134 2578 2186 mari
2616 2134 2810 2189 evasit.
2853 2133 3105 2205 Hypselaa
3135 2136 3281 2186 enim
3337 2151 3493 2201 para-

1908 2233 1975 2278 ιω
2000 2223 2100 2292 ipsi
2135 2236 2293 2279 erant
2325 2237 2438 2280 tres
2472 2226 2732 2287 biremes,
2768 2229 2973 2297 quibus
2991 2229 3309 2282 conscensis
3337 2228 3494 2282 Paw;-

1910 2317 2107 2388 phyliae
2154 2319 2268 2373 oris
2304 2321 2535 2389 appulit,
2606 2323 2777 2376 castri
2835 2324 3144 2378 custodiam
3201 2323 3354 2377 fratri
3395 2338 3495 2374 suo

1913 2408 2163 2477 Bajaziti,
2203 2412 2296 2480 qui
2331 2412 2587 2480 princeps
2627 2414 2957 2476 vocabatur,
2995 2414 3496 2476 connnisit;emu-

1912 2516 2020 2570 que
2058 2501 2305 2556 hortatus
2358 2510 2462 2566 est,
2497 2511 2558 2556 ut
2603 2512 2867 2572 quantum
2915 2511 3101 2571 posset
3129 2502 3204 2560 ei.
3260 2517 3326 2554 ne
3364 2500 3504 2567 quid-

1914 2593 2101 2647 damni
2157 2593 2460 2662 acciperet,
2507 2595 2859 2664 provideret;
2914 2595 3174 2650 curribus
3219 2595 3496 2662 equidem.

1914 2687 2054 2741 cibi:
2087 2689 2414 2757 cazterisque
2464 2689 2720 2744 omnibus
2752 2690 3082 2744 necessariis
3132 2701 3370 2743 castrum
3415 2689 3510 2740 in-

1916 2789 2221 2846 struxerat,
2245 2783 2569 2853 navigiaque
2599 2790 2786 2852 parata
2811 2783 3049 2852 plurima
3081 2783 3194 2836 illic
3233 2782 3494 2836 habebat.

1915 2870 2036 2938 Ipse
2111 2871 2400 2926 Amorium
2470 2873 2688 2943 pergit,
2745 2873 3132 2943 signiﬁcatque
3196 2874 3506 2927 (Iaramauo

1917 2961 2086 3016 lcouii
2147 2965 2376 3033 satrapi,
2413 2981 2536 3019 eum
2569 2965 2868 3021 convenire
2905 2966 3067 3030 velle,
3098 2967 3243 3036 quod
3275 2981 3399 3019 cum
3438 2983 3504 3020 eo

1919 3058 2292 3113 communicet
2335 3059 2566 3122 habere,
2613 3066 2669 3114 et
2702 3058 2953 3127 quaedam
3005 3061 3072 3112 ab
3106 3073 3174 3112 eo
3225 3059 3416 3112 audire
3446 3073 3506 3112 se

1922 3167 2143 3220 cupere.
2223 3151 2568 3208 Caramanus
2642 3153 2830 3221 itaque
2877 3153 3148 3208 ducentos
3197 3169 3371 3220 equos
3436 3154 3518 3208 ads

248 3254 502 3310 Ἐλθέτω.
523 3254 633 3317 Τὰς
666 3255 944 3324 γαλεώτας
974 3257 1028 3310 δὲ
1049 3257 1287 3311 ἔστειλεν
1320 3259 1549 3312 ὄπισθεν
1571 3277 1584 3292 ·
1621 3261 1715 3312 καὶ
1749 3261 1812 3330 δὴ

1923 3257 2046 3296 eum
2075 3243 2266 3306 mittit,
2292 3251 2346 3298 et
2376 3244 2561 3298 habita
2588 3259 2711 3298 cum
2735 3244 3020 3313 t0parcbis
3076 3245 3503 3300 deliberatione.

235 3348 559 3418 εὑρεθέντες
601 3351 758 3419 ὁμοῦ,
789 3352 883 3404 καὶ
934 3351 1104 3404 πολλά
1155 3351 1492 3419 λαλήσαντες
1526 3353 1688 3406 αὑτοῦ
1722 3353 1815 3406 τοῦ

235 3441 418 3494 ἐλθεῖν
455 3444 592 3511 μετὰ
621 3443 924 3511 δυνάμεως,
962 3443 1054 3496 καὶ
1116 3443 1381 3514 βοηθῆσαι
1428 3445 1596 3513 αὐτῷ,
1628 3447 1655 3497 ὁ
1707 3447 1820 3499 Κα-

239 3535 430 3602 ραμάν
464 3534 562 3587 οὐκ
615 3534 865 3604 ἐπείσθη,
900 3536 1218 3605 ἀναμνήσας
1250 3536 1356 3588 τῶν
1423 3536 1616 3606 πρώην
1666 3554 1818 3603 γενος

240 3629 426 3695 μένων
458 3627 781 3681 ὲπιϐουλιῶν
808 3630 865 3682 ἐν
895 3628 971 3696 τῷ
1001 3629 1178 3698 καιρῷ
1211 3629 1304 3682 τοῦ
1333 3629 1721 3698 Μουσουλμᾶν,
1743 3630 1818 3689 ὡς

236 3721 268 3770 ὀ
326 3721 482 3786 λόγος
533 3720 824 3786 προλαϐὼν
883 3720 1172 3786 ἐδήλωσεν.
1228 3720 1583 3788 Ἀπέπεμψεν
1631 3719 1817 3780 αὐτὸν,

235 3813 369 3874 δοὺς
422 3813 568 3881 αὐτῷ
625 3814 784 3866 ἱκανά
829 3816 1092 3883 χρήματα
1125 3813 1218 3865 καὶ
1252 3811 1302 3880 φ’
1347 3812 1549 3880 ἄνδρας
1582 3813 1662 3874 είς
1700 3811 1821 3882 βοή-

239 3906 420 3959 θειαν.
464 3905 707 3975 Ἀπάρας
745 3905 801 3959 δὲ
850 3906 1061 3958 ἐκεῖθεν
1104 3905 1200 3958 καὶ
1249 3903 1530 3958 κατελθὼν
1570 3908 1666 3958 σὺν
1711 3907 1822 3968 τοῖς

239 3998 628 4060 πεντακοσίοις
676 3997 922 4060 ἱππεῦσι,
955 3997 1046 4049 καὶ
1082 3996 1273 4058 διαϐὰς
1303 3996 1401 4067 τὴν
1447 3998 1822 4067 Σαλουταρίαν

237 4091 521 4154 κατῆλθεν
578 4093 655 4151 είς
711 4089 1054 4142 Λαοδίκειαν.
1112 4088 1352 4141 Ἐκεῖθεν
1406 4088 1462 4140 δὲ
1513 4090 1720 4150 ἀναϐὰς
1765 4091 1824 4142 τὸ

242 4184 399 4254 μέγα
437 4184 559 4248 ὅρος
592 4181 684 4234 τοῦ
731 4181 960 4250 Τμώλου
999 4181 1270 4250 κατῆλθεν
1301 4183 1380 4243 είς
1416 4182 1642 4251 Σάρδεις
1668 4202 1681 4214 ο
1716 4185 1823 4236 ἀπὸ

237 4279 304 4330 δὲ
365 4277 587 4347 Σάρδεις
634 4277 712 4336 εἰς
760 4274 1073 4343 Νύμφαιον.
1121 4275 1270 4327 Ἐκεῖ
1331 4275 1387 4327 δὲ
1441 4277 1541 4344 τὴν
1597 4278 1825 4345 πορείαν

237 4370 458 4435 τεμὼν,
490 4372 645 4437 ἀφεὶς
685 4370 784 4432 τὴν
814 4369 951 4437 πρὸς
1001 4366 1150 4432 δεξιά
1198 4367 1338 4431 ὁδὸν,
1373 4368 1460 4420 διά
1497 4369 1590 4420 τοῦ
1623 4371 1825 4440 ῥύακος

240 4463 447 4525 ἐλθὼν,
507 4461 699 4525 νυκτὸς
754 4463 965 4531 ἔμεινεν
1018 4460 1098 4523 είς
1165 4459 1364 4528 χωρίον
1416 4460 1709 4530 λεγόμενον
1759 4465 1828 4515 τὰ

239 4558 562 4628 Τριάκοντα
595 4557 730 4625 (54).
764 4555 1110 4622 Διαπεράσας
1135 4554 1191 4606 δὲ
1220 4557 1284 4623 τῇ
1318 4555 1504 4624 ἡμέρα
1540 4555 1721 4627 ἐκείνῃ
1757 4557 1824 4609 τὰ
1861 4595 1901 4648 Β

243 4651 395 4719 πρὸς
440 4650 705 4716 Γαλήσιον
759 4649 887 4718 ὅρος
929 4648 1161 4717 κείμενα
1211 4648 1345 4715 πρὸς
1391 4647 1662 4700 θάλατταν
1694 4647 1825 4717 ὅρη,

242 4743 452 4815 πρώτῃ
483 4742 697 4810 φυλακῇ
725 4740 826 4809 τῆς
859 4741 1051 4801 νυκτὸς
1079 4740 1326 4808 παρέστη
1357 4740 1421 4807 τῇ
1468 4738 1701 4808 Ὑψηλῇ.
1736 4740 1832 4791 καὶ

244 4835 520 4904 ἐξαίφνης
553 4836 648 4888 σὺν
680 4833 776 4904 βοῇ
801 4834 897 4886 καὶ
927 4833 1107 4903 κρότῳ
1132 4831 1499 4896 ἀλαλάξαντες
1547 4832 1607 4882 τὸ
1652 4848 1834 4900 παρα-

244 4928 515 4998 κείμενον
564 4926 814 4995 φωσάτον
849 4927 1083 4996 ἐτράπη.
1118 4925 1225 4976 Καὶ
1263 4924 1310 4975 οἱ
1353 4923 1452 4991 μὲν
1491 4923 1748 4992 ἔφευγον,
1783 4925 1831 4976 οί

239 5021 317 5074 δὲ
351 5021 742 5090 ἀντεμάχοντο,
773 5018 867 5071 καὶ
917 5019 978 5071 τὸ
1028 5017 1307 5087 πολίχνιον
1365 5017 1465 5077 τὰς
1496 5016 1665 5086 θύρας
1696 5017 1830 5069 ἀνα-

243 5119 508 5179 πετάσας
540 5115 763 5185 ἐξῆλθον
794 5115 841 5167 οἱ
872 5115 1018 5167 ἔνδον
1047 5129 1059 5143 ⁸
1099 5114 1193 5165 καὶ
1228 5114 1324 5166 σὺν
1353 5113 1464 5174 τοῖς
1496 5111 1600 5176 ἔξω
1629 5111 1837 5180 συμμί-

247 5213 458 5277 ξαντες
483 5209 609 5271 τοὺς
646 5209 998 5270 ὑπεναντίους
1045 5207 1336 5275 ἔσφαττον.
1373 5205 1596 5274 Πριμῒας
1645 5204 1702 5257 δὲ
1746 5221 1836 5271 γε·

248 5304 520 5374 νομένης,
554 5305 647 5356 καὶ
686 5301 780 5356 τοῦ
811 5299 1042 5372 στρατοῦ
1078 5300 1467 5370 ἀθροισθέντος
1497 5301 1574 5362 εἰς
1605 5298 1684 5361 ἓν,
1713 5297 1839 5350 ἔϐα-

242 5398 355 5450 λον
397 5397 602 5458 πάντας
635 5396 692 5449 ὲν
723 5395 799 5465 τῷ
825 5393 1084 5464 πολιχνίῳ
1114 5395 1206 5447 κα)⁴
1233 5393 1306 5462 μὴ
1335 5392 1718 5462 βουλομένους,
1743 5392 1840 5442 καὶ

243 5487 430 5542 αὐτὸν
480 5487 572 5541 τὸν
629 5486 898 5557 Τζινεήτο
937 5481 1077 5556 ἦσαν
1131 5484 1240 5553 γὰρ
1274 5484 1322 5536 οἱ
1373 5482 1529 5545 ἐκτὸς
1576 5481 1835 5534 ἐπέκεινα

1927 3336 2174 3399 accedat,
2218 3336 2376 3390 dixit.
2406 3337 2648 3391 Cincitcs
2677 3336 2890 3406 navigia
2927 3337 3276 3391 retrocedere
3316 3336 3507 3404 jussit.

1924 3426 2062 3480 Cum
2127 3427 2295 3498 igitur
2321 3428 2485 3481 simul
2523 3429 2936 3493 convenissent,
2962 3428 3244 3498 multaque
3279 3428 3541 3484 dixisset

1925 3519 2166 3574 Cincitcs
2228 3520 2389 3590 108
2440 3535 2564 3576 eum
2617 3521 2871 3576 hortatus
2905 3528 2962 3574 ut
2996 3521 3210 3576 viribus
3242 3521 3358 3575 suis
3379 3537 3508 3589 sup-

1925 3611 2098 3681 petias
2143 3609 2330 3675 ferret,
2375 3613 2720 3667 Caramallus
2777 3613 2886 3667 illis
2941 3613 3086 3667 haud
3142 3614 3508 3674 auscultarit,

1929 3718 2137 3756 memor
2177 3704 2502 3757 insidiarqu
2551 3720 2688 3774 quas
2721 3705 2850 3758 olim
2895 3714 3175 3760 struxerat
3212 3706 3336 3769 iste,
3376 3705 3505 3758 dum

1927 3797 2082 3850 nobis
2108 3796 2286 3851 dictu:
2313 3797 2692 3852 Musulmanus
2731 3798 2963 3867 Imperio
2999 3799 3332 3868 potiebatur.
3368 3798 3508 3851 Lar-

1927 3889 2069 3960 gitus
2099 3900 2278 3944 tamen
2299 3891 2399 3960 ipsi
2421 3905 2672 3960 magnam
2699 3892 2948 3961 pecunia:
2978 3892 3107 3954 vim,
3134 3892 3188 3944 in
3210 3892 3510 3945 auxilium-

1927 3996 2035 4049 que
2089 3981 2408 4051 quingentis
2441 3981 2713 4036 militibus
2746 3981 3027 4050 adiunctis
3089 3995 3213 4035 eum
3274 3982 3506 4039 dimisit.

1929 4070 2057 4124 lude
2084 4070 2370 4138 digressus
2397 4071 2641 4125 Cineites
2671 4071 2994 4140 quingentis
3023 4071 3304 4140 equitibus
3342 4072 3511 4138 stipa-

1927 4168 2016 4214 tus
2050 4161 2335 4230 Phrygiam
2369 4159 2701 4215 Salutariam
2734 4169 3128 4229 praetervectus
3166 4160 3530 4216 Laodiceam,

1928 4252 2098 4307 venit.
2169 4253 2328 4306 Illinc
2385 4253 2682 4308 deﬂectens
2740 4254 2932 4308 relicta
3000 4271 3119 4323 qum
3156 4256 3505 4310 dextrorsum

1928 4345 2100 4406 ducit,
2135 4345 2242 4408 via,
2279 4347 2382 4400 iter
2401 4360 2498 4415 per
2535 4354 2839 4400 torrentem
2885 4348 3150 4414 capessit,
3185 4357 3238 4400 et
3267 4348 3322 4400 iu
3389 4349 3510 4402 loco

1930 4439 2018 4492 cui
2045 4438 2290 4508 Triginta
2317 4454 2510 4494 nomen
2539 4440 2900 4510 pernoctavit.
2948 4439 3153 4494 Eadem
3200 4441 3286 4495 die
3326 4457 3512 4495 emen-

1932 4532 2030 4594 sis,
2073 4531 2166 4601 qui
2201 4531 2400 4585 Galeso
2448 4533 2621 4584 monti
2658 4532 3057 4600 subjiciuntur,
3094 4534 3328 4601 campis,
3392 4535 3515 4602 qui-

1937 4643 2045 4696 que
2105 4629 2238 4681 mari
2295 4627 2572 4696 adjacent,
2631 4630 2913 4683 montibus
2973 4631 3275 4697 superatis,
3334 4634 3511 4698 prima

1939 4721 2117 4776 noctis
2151 4722 2400 4774 custodia
2451 4722 2742 4792 Hypselam
2803 4721 2948 4775 redit
2991 4740 3006 4775 :
3061 4721 3354 4789 subitoque
3409 4725 3532 4775 cla--

1941 4827 2090 4866 more
2131 4812 2299 4876 edito,
2337 4812 2682 4881 strepituque
2714 4812 2976 4876 excitato,
3010 4814 3130 4866 aliis
3180 4813 3397 4881 quidem
3429 4813 3515 4865 fu-

1939 4905 2234 4976 gientibus,
2301 4904 2424 4957 aliis
2488 4905 2944 4973 repnguautibus,
2983 4904 3204 4969 vallum,
3269 4919 3377 4970 quo
3414 4920 3512 4958 arx

1941 4998 2121 5051 cincta
2153 5004 2294 5058 erat,
2337 4997 2628 5051 evertitur.
2655 4997 2881 5065 Apertis
2941 4998 3111 5051 etiam
3159 4999 3328 5052 castri
3385 5012 3525 5066 por--

1940 5092 2010 5144 tis
2069 5089 2416 5157 praesidiarii,
2451 5089 2541 5159 qui
2585 5089 2757 5143 muris
2780 5105 2840 5143 se
2899 5090 3278 5153 continebant,
3333 5105 3518 5143 erum-

1940 5190 2096 5251 punt,
2135 5195 2255 5232 cum
2297 5179 2674 5233 obsidentibus
2726 5194 2924 5235 manus
2977 5191 3306 5244 conserunt,
3357 5195 3517 5249 repu-

1941 5284 2280 5345 gnantesque
2347 5271 2582 5325 caedunt.
2646 5270 2751 5326 Ubi
2827 5273 3028 5335 illuxit,
3102 5273 3512 5342 universusque

1943 5361 2217 5415 exercitus
2279 5360 2331 5414 in
2419 5376 2586 5414 unum
2649 5361 2916 5417 collectus
2976 5372 3080 5426 est,
3140 5373 3375 5417 cunctos
3435 5364 3520 5416 vel

1951 5453 2152 5507 invitos
2212 5453 2506 5524 ipsumque
2568 5452 2834 5510 Cineitem
2894 5453 3038 5509 intra
3091 5455 3258 5511 castri
3319 5454 3553 5511 muenia.

1460 5653 1752 5712 lsmaelis
1785 5650 2080 5712 Bullialdi
2111 5660 2298 5715 nota.

340 5838 456 5899 (53i
497 5835 801 5901 ‘Autbptor.
832 5831 1080 5900 Phrygiae
1106 5828 1326 5894 majoris
1358 5830 1509 5883 urbs.

344 5898 458 5979 (54)
493 5909 562 5961 Td
582 5898 920 5975 τρίάνοντα.
949 5898 1095 5956 Ὰὶἱὺὶ
1123 5915 1229 5954 nou
1281 5908 1461 5955 exstat
1517 5899 1678 5970 hujus
1732 5898 1839 5953 luci
1879 5913 2104 5954 nomen.
