  <div class='ocr_page' id='page_1' title='image "/cluster/home/n/w/nwhite01/storage/ocr_20150623/157/nnc1.0046980857/504.png"; bbox 0 0 4164 6454; ppageno 0'>
   <div class='ocr_carea' id='block_1_1' title="bbox 203 405 342 477">
    <p class='ocr_par' dir='ltr' id='par_1_1' title="bbox 203 405 342 477">
     <span class='ocr_line' id='line_1_1' title="bbox 203 405 342 477; baseline 0.007 -2"><span class='ocrx_word' id='word_1_1' title='bbox 203 405 342 477; x_wconf 80' lang='grc'><strong>1009</strong></span> 
     </span>
    </p>
   </div>
   <div class='ocr_carea' id='block_1_2' title="bbox 1389 426 2254 494">
    <p class='ocr_par' dir='ltr' id='par_1_2' title="bbox 1389 426 2254 494">
     <span class='ocr_line' id='line_1_2' title="bbox 1389 426 2254 494; baseline 0.008 -7"><span class='ocrx_word' id='word_1_2' title='bbox 1389 426 1764 491; x_wconf 69' lang='lat' dir='ltr'><strong>HISTORIA</strong></span> <span class='ocrx_word' id='word_1_3' title='bbox 1804 430 2254 494; x_wconf 73' lang='lat' dir='ltr'><strong>BYZANTINA.</strong></span> 
     </span>
    </p>
   </div>
   <div class='ocr_carea' id='block_1_3' title="bbox 3300 425 3435 489">
    <p class='ocr_par' dir='ltr' id='par_1_3' title="bbox 3300 425 3435 489">
     <span class='ocr_line' id='line_1_3' title="bbox 3300 425 3435 489; baseline -0.022 0"><span class='ocrx_word' id='word_1_4' title='bbox 3300 425 3435 489; x_wconf 83' lang='lat'><strong>1010</strong></span> 
     </span>
    </p>
   </div>
   <div class='ocr_carea' id='block_1_4' title="bbox 192 521 1755 609">
    <p class='ocr_par' dir='ltr' id='par_1_4' title="bbox 192 521 1755 609">
     <span class='ocr_line' id='line_1_4' title="bbox 192 521 1755 609; baseline 0.013 -34"><span class='ocrx_word' id='word_1_5' title='bbox 192 521 441 593; x_wconf 75' lang='grc' dir='ltr'>δαπάνην</span> <span class='ocrx_word' id='word_1_6' title='bbox 489 523 826 596; x_wconf 73' lang='grc' dir='ltr'><strong>νομίσματα,</strong></span> <span class='ocrx_word' id='word_1_7' title='bbox 893 528 1151 602; x_wconf 75' lang='grc' dir='ltr'>εἰσῄεσαν</span> <span class='ocrx_word' id='word_1_8' title='bbox 1201 533 1460 600; x_wconf 77' lang='grc' dir='ltr'><strong>πλέοντες</strong></span> <span class='ocrx_word' id='word_1_9' title='bbox 1497 539 1603 592; x_wconf 81' lang='grc' dir='ltr'><strong>ἀπὸ</strong></span> <span class='ocrx_word' id='word_1_10' title='bbox 1655 540 1755 609; x_wconf 85' lang='grc' dir='ltr'>τῆς</span> 
     </span>
    </p>
   </div>
   <div class='ocr_carea' id='block_1_5' title="bbox 1858 521 3434 609">
    <p class='ocr_par' dir='ltr' id='par_1_5' title="bbox 1863 534 3434 605">
     <span class='ocr_line' id='line_1_5' title="bbox 1863 534 3434 605; baseline -0.003 -11"><span class='ocrx_word' id='word_1_11' title='bbox 1863 543 2110 605; x_wconf 82' lang='lat' dir='ltr'><strong>miserat,</strong></span> <span class='ocrx_word' id='word_1_12' title='bbox 2147 539 2550 602; x_wconf 86' lang='lat' dir='ltr'><strong>conscendunt,</strong></span> <span class='ocrx_word' id='word_1_13' title='bbox 2603 546 2656 593; x_wconf 88' lang='lat' dir='ltr'><strong>et</strong></span> <span class='ocrx_word' id='word_1_14' title='bbox 2713 534 3189 605; x_wconf 75' lang='lat' dir='ltr'><strong>Constantinopoli</strong></span> <span class='ocrx_word' id='word_1_15' title='bbox 3220 539 3434 592; x_wconf 84' lang='lat' dir='ltr'><strong>solven-</strong></span> 
     </span>
    </p>
   </div>
   <div class='ocr_carea' id='block_1_6' title="bbox 197 618 1764 697">
    <p class='ocr_par' dir='ltr' id='par_1_6' title="bbox 197 618 1764 697">
     <span class='ocr_line' id='line_1_6' title="bbox 197 618 1764 697; baseline 0.012 -29"><span class='ocrx_word' id='word_1_16' title='bbox 197 618 606 673; x_wconf 82' lang='grc' dir='ltr'>Κωνσταντίνου</span> <span class='ocrx_word' id='word_1_17' title='bbox 639 625 719 683; x_wconf 76' lang='grc' dir='ltr'><strong>είς</strong></span> <span class='ocrx_word' id='word_1_18' title='bbox 775 624 1032 679; x_wconf 86' lang='grc' dir='ltr'>Βενετίαν</span> <span class='ocrx_word' id='word_1_19' title='bbox 1073 624 1207 697; x_wconf 81' lang='grc'>(77).</span> <span class='ocrx_word' id='word_1_20' title='bbox 1280 628 1622 697; x_wconf 80' lang='grc' dir='ltr'><strong>Ἐξελθόντες</strong></span> <span class='ocrx_word' id='word_1_21' title='bbox 1670 631 1764 687; x_wconf 76' lang='grc' dir='ltr'><strong>οὗν</strong></span> 
     </span>
    </p>
   </div>
   <div class='ocr_carea' id='block_1_7' title="bbox 194 711 1764 792">
    <p class='ocr_par' dir='ltr' id='par_1_7' title="bbox 194 711 1764 792">
     <span class='ocr_line' id='line_1_7' title="bbox 194 711 1764 792; baseline 0.014 -32"><span class='ocrx_word' id='word_1_22' title='bbox 194 712 274 768; x_wconf 80' lang='grc' dir='ltr'><strong>είς</strong></span> <span class='ocrx_word' id='word_1_23' title='bbox 302 711 584 778; x_wconf 82' lang='grc' dir='ltr'>Βενετίαν,</span> <span class='ocrx_word' id='word_1_24' title='bbox 613 715 905 779; x_wconf 80' lang='grc' dir='ltr'><strong>ἀσπασίως</strong></span> <span class='ocrx_word' id='word_1_25' title='bbox 951 718 1206 783; x_wconf 71' lang='grc' dir='ltr'>ἐδέξαντο</span> <span class='ocrx_word' id='word_1_26' title='bbox 1250 724 1299 775; x_wconf 81' lang='lat' dir='ltr'><strong>oi</strong></span> <span class='ocrx_word' id='word_1_27' title='bbox 1337 723 1614 780; x_wconf 73' lang='grc' dir='ltr'>Βενετικοὶ</span> <span class='ocrx_word' id='word_1_28' title='bbox 1637 729 1764 792; x_wconf 75' lang='grc' dir='ltr'>τοὺς</span> 
     </span>
    </p>
   </div>
   <div class='ocr_carea' id='block_1_8' title="bbox 206 803 1763 888">
    <p class='ocr_par' dir='ltr' id='par_1_8' title="bbox 206 803 1763 888">
     <span class='ocr_line' id='line_1_8' title="bbox 206 803 1763 888; baseline 0.01 -33"><span class='ocrx_word' id='word_1_29' title='bbox 206 803 536 875; x_wconf 78' lang='grc' dir='ltr'><strong>Ῥωμαίους,</strong></span> <span class='ocrx_word' id='word_1_30' title='bbox 564 809 654 862; x_wconf 81' lang='grc' dir='ltr'>τὸν</span> <span class='ocrx_word' id='word_1_31' title='bbox 677 808 904 878; x_wconf 77' lang='grc' dir='ltr'>βασιλέα</span> <span class='ocrx_word' id='word_1_32' title='bbox 929 811 1003 876; x_wconf 84' lang='grc' dir='ltr'><strong>ὡς</strong></span> <span class='ocrx_word' id='word_1_33' title='bbox 1033 813 1288 885; x_wconf 74' lang='grc' dir='ltr'>δεύτερον</span> <span class='ocrx_word' id='word_1_34' title='bbox 1327 819 1606 888; x_wconf 83' lang='grc' dir='ltr'>μονάρχην</span> <span class='ocrx_word' id='word_1_35' title='bbox 1669 821 1763 871; x_wconf 69' lang='grc' dir='ltr'>καὶ</span> 
     </span>
    </p>
   </div>
   <div class='ocr_carea' id='block_1_9' title="bbox 192 899 1762 977">
    <p class='ocr_par' dir='ltr' id='par_1_9' title="bbox 192 899 1762 977">
     <span class='ocr_line' id='line_1_9' title="bbox 192 899 1762 977; baseline 0.011 -29"><span class='ocrx_word' id='word_1_36' title='bbox 192 899 498 968; x_wconf 80' lang='grc' dir='ltr'>προνοητὴν</span> <span class='ocrx_word' id='word_1_37' title='bbox 519 901 618 970; x_wconf 87' lang='grc' dir='ltr'><strong>τῆς</strong></span> <span class='ocrx_word' id='word_1_38' title='bbox 654 901 763 954; x_wconf 85' lang='grc' dir='ltr'><strong>τῶν</strong></span> <span class='ocrx_word' id='word_1_39' title='bbox 796 901 986 974; x_wconf 80' lang='grc' dir='ltr'>ψυχῶν</span> <span class='ocrx_word' id='word_1_40' title='bbox 1038 907 1335 976; x_wconf 76' lang='grc' dir='ltr'><strong>σωτηρίας.</strong></span> <span class='ocrx_word' id='word_1_41' title='bbox 1396 910 1634 977; x_wconf 86' lang='grc' dir='ltr'>Ὁμοίως</span> <span class='ocrx_word' id='word_1_42' title='bbox 1667 912 1762 966; x_wconf 78' lang='grc' dir='ltr'>καὶ</span> 
     </span>
    </p>
   </div>
   <div class='ocr_carea' id='block_1_10' title="bbox 189 989 1761 1071">
    <p class='ocr_par' dir='ltr' id='par_1_10' title="bbox 189 989 1761 1071">
     <span class='ocr_line' id='line_1_10' title="bbox 189 989 1761 1071; baseline 0.011 -32"><span class='ocrx_word' id='word_1_43' title='bbox 189 989 282 1040; x_wconf 76' lang='grc' dir='ltr'>τὸν</span> <span class='ocrx_word' id='word_1_44' title='bbox 309 993 678 1062; x_wconf 82' lang='grc' dir='ltr'>πατριάρχην,</span> <span class='ocrx_word' id='word_1_45' title='bbox 705 995 801 1048; x_wconf 74' lang='grc' dir='ltr'>καὶ</span> <span class='ocrx_word' id='word_1_46' title='bbox 834 996 963 1059; x_wconf 85' lang='grc' dir='ltr'>τοὺς</span> <span class='ocrx_word' id='word_1_47' title='bbox 996 998 1220 1063; x_wconf 84' lang='grc' dir='ltr'>λοιποὺς</span> <span class='ocrx_word' id='word_1_48' title='bbox 1262 1000 1564 1071; x_wconf 74' lang='grc' dir='ltr'><strong>ἀρχιερεῖς.</strong></span> <span class='ocrx_word' id='word_1_49' title='bbox 1589 1003 1761 1056; x_wconf 83' lang='grc' dir='ltr'>Ἔδω-</span> 
     </span>
    </p>
   </div>
   <div class='ocr_carea' id='block_1_11' title="bbox 191 1078 1761 1166">
    <p class='ocr_par' dir='ltr' id='par_1_11' title="bbox 191 1078 1761 1166">
     <span class='ocr_line' id='line_1_11' title="bbox 191 1078 1761 1166; baseline 0.01 -34"><span class='ocrx_word' id='word_1_50' title='bbox 191 1098 297 1134; x_wconf 87' lang='grc' dir='ltr'><strong>καν</strong></span> <span class='ocrx_word' id='word_1_51' title='bbox 323 1078 416 1135; x_wconf 81' lang='grc' dir='ltr'>οὖν</span> <span class='ocrx_word' id='word_1_52' title='bbox 435 1084 622 1148; x_wconf 83' lang='grc' dir='ltr'>αὐτοῖς</span> <span class='ocrx_word' id='word_1_53' title='bbox 652 1085 764 1158; x_wconf 85' lang='grc'><strong>(78)</strong></span> <span class='ocrx_word' id='word_1_54' title='bbox 798 1088 891 1141; x_wconf 73' lang='grc' dir='ltr'><strong>καὶ</strong></span> <span class='ocrx_word' id='word_1_55' title='bbox 921 1089 1068 1158; x_wconf 77' lang='grc' dir='ltr'>ἱερὸν</span> <span class='ocrx_word' id='word_1_56' title='bbox 1097 1091 1347 1157; x_wconf 85' lang='grc' dir='ltr'>τέμενος,</span> <span class='ocrx_word' id='word_1_57' title='bbox 1378 1094 1470 1144; x_wconf 82' lang='grc' dir='ltr'><strong>καὶ</strong></span> <span class='ocrx_word' id='word_1_58' title='bbox 1507 1095 1761 1166; x_wconf 88' lang='grc' dir='ltr'>είσῆλοον</span> 
     </span>
    </p>
   </div>
   <div class='ocr_carea' id='block_1_12' title="bbox 191 1171 1760 1259">
    <p class='ocr_par' dir='ltr' id='par_1_12' title="bbox 191 1171 1760 1259">
     <span class='ocr_line' id='line_1_12' title="bbox 191 1171 1760 1259; baseline 0.013 -38"><span class='ocrx_word' id='word_1_59' title='bbox 191 1171 576 1238; x_wconf 80' lang='grc' dir='ltr'>ὲκτελέσοντες</span> <span class='ocrx_word' id='word_1_60' title='bbox 634 1178 734 1246; x_wconf 80' lang='grc' dir='ltr'>τὴν</span> <span class='ocrx_word' id='word_1_61' title='bbox 774 1179 1116 1248; x_wconf 78' lang='grc' dir='ltr'>ἀναίμακτον</span> <span class='ocrx_word' id='word_1_62' title='bbox 1172 1181 1388 1237; x_wconf 86' lang='grc' dir='ltr'>θυσίαν.</span> <span class='ocrx_word' id='word_1_63' title='bbox 1439 1184 1760 1259; x_wconf 83' lang='grc' dir='ltr'>Ἠθροίσθη-</span> 
     </span>
    </p>
   </div>
   <div class='ocr_carea' id='block_1_13' title="bbox 188 1265 1761 1348">
    <p class='ocr_par' dir='ltr' id='par_1_13' title="bbox 188 1265 1761 1348">
     <span class='ocr_line' id='line_1_13' title="bbox 188 1265 1761 1348; baseline 0.011 -33"><span class='ocrx_word' id='word_1_64' title='bbox 188 1280 294 1315; x_wconf 90' lang='grc' dir='ltr'><strong>σαν</strong></span> <span class='ocrx_word' id='word_1_65' title='bbox 312 1265 443 1332; x_wconf 91' lang='grc' dir='ltr'>γοῦν</span> <span class='ocrx_word' id='word_1_66' title='bbox 475 1269 533 1319; x_wconf 79' lang='grc' dir='ltr'>ὲν</span> <span class='ocrx_word' id='word_1_67' title='bbox 569 1269 752 1340; x_wconf 71' lang='grc' dir='ltr'>ἐκείνῃ</span> <span class='ocrx_word' id='word_1_68' title='bbox 788 1272 852 1342; x_wconf 80' lang='grc' dir='ltr'><strong>τῇ</strong></span> <span class='ocrx_word' id='word_1_69' title='bbox 908 1272 1092 1344; x_wconf 69' lang='grc' dir='ltr'>ἡμέρᾳ</span> <span class='ocrx_word' id='word_1_70' title='bbox 1131 1275 1368 1340; x_wconf 71' lang='grc' dir='ltr'>ἅπαντες</span> <span class='ocrx_word' id='word_1_71' title='bbox 1400 1280 1446 1329; x_wconf 80' lang='lat' dir='ltr'><strong>oi</strong></span> <span class='ocrx_word' id='word_1_72' title='bbox 1478 1279 1536 1329; x_wconf 82' lang='grc' dir='ltr'>ἐν</span> <span class='ocrx_word' id='word_1_73' title='bbox 1568 1283 1630 1348; x_wconf 84' lang='grc' dir='ltr'><strong>τῇ</strong></span> <span class='ocrx_word' id='word_1_74' title='bbox 1663 1281 1761 1332; x_wconf 79' lang='grc' dir='ltr'><strong>πό-</strong></span> 
     </span>
    </p>
   </div>
   <div class='ocr_carea' id='block_1_14' title="bbox 187 1355 1760 1430">
    <p class='ocr_par' dir='ltr' id='par_1_14' title="bbox 187 1355 1760 1430">
     <span class='ocr_line' id='line_1_14' title="bbox 187 1355 1760 1430; baseline 0.013 -24"><span class='ocrx_word' id='word_1_75' title='bbox 187 1355 271 1408; x_wconf 85' lang='grc' dir='ltr'><strong>λει</strong></span> <span class='ocrx_word' id='word_1_76' title='bbox 300 1358 490 1427; x_wconf 82' lang='grc' dir='ltr'>ἀνδρες</span> <span class='ocrx_word' id='word_1_77' title='bbox 515 1378 573 1414; x_wconf 88' lang='grc' dir='ltr'><strong>τε</strong></span> <span class='ocrx_word' id='word_1_78' title='bbox 611 1362 706 1415; x_wconf 79' lang='grc' dir='ltr'>καὶ</span> <span class='ocrx_word' id='word_1_79' title='bbox 739 1366 1000 1430; x_wconf 82' lang='grc' dir='ltr'>γυναῖκες</span> <span class='ocrx_word' id='word_1_80' title='bbox 1036 1368 1130 1420; x_wconf 86' lang='grc' dir='ltr'><strong>τοῦ</strong></span> <span class='ocrx_word' id='word_1_81' title='bbox 1189 1370 1321 1423; x_wconf 83' lang='grc' dir='ltr'>ίδεῖν</span> <span class='ocrx_word' id='word_1_82' title='bbox 1372 1372 1467 1424; x_wconf 78' lang='grc' dir='ltr'>καὶ</span> <span class='ocrx_word' id='word_1_83' title='bbox 1498 1374 1760 1427; x_wconf 66' lang='grc' dir='ltr'>ἐνωτίσα-</span> 
     </span>
    </p>
   </div>
   <div class='ocr_carea' id='block_1_15' title="bbox 189 1449 1761 1530">
    <p class='ocr_par' dir='ltr' id='par_1_15' title="bbox 189 1449 1761 1530">
     <span class='ocr_line' id='line_1_15' title="bbox 189 1449 1761 1530; baseline 0.013 -31"><span class='ocrx_word' id='word_1_84' title='bbox 189 1449 317 1501; x_wconf 88' lang='grc' dir='ltr'>σθαι</span> <span class='ocrx_word' id='word_1_85' title='bbox 353 1450 504 1503; x_wconf 80' lang='grc' dir='ltr'>θείαν</span> <span class='ocrx_word' id='word_1_86' title='bbox 563 1454 655 1506; x_wconf 65' lang='grc' dir='ltr'><strong>καλ¹</strong></span> <span class='ocrx_word' id='word_1_87' title='bbox 718 1457 872 1527; x_wconf 86' lang='grc' dir='ltr'>ίεράν</span> <span class='ocrx_word' id='word_1_88' title='bbox 906 1462 1294 1527; x_wconf 84' lang='grc' dir='ltr'>μυσταγωγίαν</span> <span class='ocrx_word' id='word_1_89' title='bbox 1347 1464 1489 1516; x_wconf 79' lang='grc' dir='ltr'><strong>κατά</strong></span> <span class='ocrx_word' id='word_1_90' title='bbox 1535 1465 1595 1517; x_wconf 79' lang='grc' dir='ltr'>τὸ</span> <span class='ocrx_word' id='word_1_91' title='bbox 1642 1466 1761 1530; x_wconf 84' lang='grc' dir='ltr'><strong>ἔθος</strong></span> 
     </span>
    </p>
   </div>
   <div class='ocr_carea' id='block_1_16' title="bbox 185 1540 1761 1627">
    <p class='ocr_par' dir='ltr' id='par_1_16' title="bbox 185 1540 1761 1627">
     <span class='ocr_line' id='line_1_16' title="bbox 185 1540 1761 1627; baseline 0.012 -37"><span class='ocrx_word' id='word_1_92' title='bbox 185 1541 289 1607; x_wconf 81' lang='grc' dir='ltr'>τῆς</span> <span class='ocrx_word' id='word_1_93' title='bbox 312 1540 662 1613; x_wconf 82' lang='grc' dir='ltr'>’Δνατολικῆς</span> <span class='ocrx_word' id='word_1_94' title='bbox 684 1546 1037 1616; x_wconf 83' lang='grc' dir='ltr'>Ἐκκλησίας.</span> <span class='ocrx_word' id='word_1_95' title='bbox 1061 1552 1174 1604; x_wconf 79' lang='grc' dir='ltr'><strong>Καὶ</strong></span> <span class='ocrx_word' id='word_1_96' title='bbox 1208 1551 1406 1616; x_wconf 88' lang='grc' dir='ltr'>ίδόντες</span> <span class='ocrx_word' id='word_1_97' title='bbox 1436 1556 1530 1607; x_wconf 78' lang='grc' dir='ltr'>καὶ</span> <span class='ocrx_word' id='word_1_98' title='bbox 1558 1556 1761 1627; x_wconf 72' lang='grc' dir='ltr'>δακρύο</span> 
     </span>
    </p>
   </div>
   <div class='ocr_carea' id='block_1_17' title="bbox 189 1635 1757 1716">
    <p class='ocr_par' dir='ltr' id='par_1_17' title="bbox 189 1635 1757 1716">
     <span class='ocr_line' id='line_1_17' title="bbox 189 1635 1757 1716; baseline 0.012 -35"><span class='ocrx_word' id='word_1_99' title='bbox 189 1647 406 1698; x_wconf 80' lang='grc' dir='ltr'>σαντες,</span> <span class='ocrx_word' id='word_1_100' title='bbox 436 1635 532 1687; x_wconf 72' lang='grc' dir='ltr'>καὶ</span> <span class='ocrx_word' id='word_1_101' title='bbox 562 1637 627 1687; x_wconf 71' lang='grc' dir='ltr'>ὲκ</span> <span class='ocrx_word' id='word_1_102' title='bbox 659 1635 860 1706; x_wconf 85' lang='grc' dir='ltr'><strong>βάθους</strong></span> <span class='ocrx_word' id='word_1_103' title='bbox 896 1639 1078 1710; x_wconf 80' lang='grc' dir='ltr'>ψυχῆς</span> <span class='ocrx_word' id='word_1_104' title='bbox 1095 1641 1399 1711; x_wconf 83' lang='grc' dir='ltr'>κράξαντες</span> <span class='ocrx_word' id='word_1_105' title='bbox 1434 1647 1513 1708; x_wconf 71' lang='grc' dir='ltr'><strong>τὸ,</strong></span> <span class='ocrx_word' id='word_1_106' title='bbox 1560 1646 1757 1716; x_wconf 81' lang='grc' dir='ltr'>Κύριε,</span> 
     </span>
    </p>
   </div>
   <div class='ocr_carea' id='block_1_18' title="bbox 188 1723 1760 1806">
    <p class='ocr_par' dir='ltr' id='par_1_18' title="bbox 188 1723 1760 1806">
     <span class='ocr_line' id='line_1_18' title="bbox 188 1723 1760 1806; baseline 0.013 -32"><span class='ocrx_word' id='word_1_107' title='bbox 188 1723 254 1774; x_wconf 83' lang='grc' dir='ltr'>σὺ</span> <span class='ocrx_word' id='word_1_108' title='bbox 289 1724 523 1792; x_wconf 76' lang='grc' dir='ltr'>φύλαξον</span> <span class='ocrx_word' id='word_1_109' title='bbox 553 1731 654 1799; x_wconf 78' lang='grc' dir='ltr'>τὴν</span> <span class='ocrx_word' id='word_1_110' title='bbox 685 1730 1021 1802; x_wconf 84' lang='grc' dir='ltr'>Ἐκκλησίαν</span> <span class='ocrx_word' id='word_1_111' title='bbox 1060 1752 1152 1788; x_wconf 81' lang='grc' dir='ltr'><strong>σου</strong></span> <span class='ocrx_word' id='word_1_112' title='bbox 1215 1738 1458 1806; x_wconf 78' lang='grc' dir='ltr'>ἄτρωτον</span> <span class='ocrx_word' id='word_1_113' title='bbox 1493 1741 1601 1792; x_wconf 75' lang='grc' dir='ltr'>ἀπὸ</span> <span class='ocrx_word' id='word_1_114' title='bbox 1653 1742 1760 1795; x_wconf 84' lang='grc' dir='ltr'>τῶν</span> 
     </span>
    </p>
   </div>
   <div class='ocr_carea' id='block_1_19' title="bbox 187 1812 1759 1899">
    <p class='ocr_par' dir='ltr' id='par_1_19' title="bbox 187 1812 1759 1899">
     <span class='ocr_line' id='line_1_19' title="bbox 187 1812 1759 1899; baseline 0.015 -35"><span class='ocrx_word' id='word_1_115' title='bbox 187 1812 363 1881; x_wconf 79' lang='grc' dir='ltr'>βελῶν</span> <span class='ocrx_word' id='word_1_116' title='bbox 422 1817 516 1872; x_wconf 88' lang='grc' dir='ltr'><strong>τοῦ</strong></span> <span class='ocrx_word' id='word_1_117' title='bbox 552 1821 835 1893; x_wconf 86' lang='grc' dir='ltr'>πονηροῦ·</span> <span class='ocrx_word' id='word_1_118' title='bbox 904 1826 968 1878; x_wconf 78' lang='grc' dir='ltr'>σὺ</span> <span class='ocrx_word' id='word_1_119' title='bbox 1014 1828 1093 1890; x_wconf 87' lang='grc' dir='ltr'><strong>είς</strong></span> <span class='ocrx_word' id='word_1_120' title='bbox 1146 1828 1206 1880; x_wconf 77' lang='grc' dir='ltr'>ἓν</span> <span class='ocrx_word' id='word_1_121' title='bbox 1256 1830 1529 1899; x_wconf 81' lang='grc' dir='ltr'>σύναψον⁶</span> <span class='ocrx_word' id='word_1_122' title='bbox 1583 1834 1646 1886; x_wconf 83' lang='grc' dir='ltr'>σὺ</span> <span class='ocrx_word' id='word_1_123' title='bbox 1694 1834 1759 1887; x_wconf 70' lang='grc' dir='ltr'>τὰ</span> 
     </span>
    </p>
   </div>
   <div class='ocr_carea' id='block_1_20' title="bbox 1871 627 3435 700">
    <p class='ocr_par' dir='ltr' id='par_1_20' title="bbox 1871 627 3435 700">
     <span class='ocr_line' id='line_1_20' title="bbox 1871 627 3435 700; baseline -0.007 -14"><span class='ocrx_word' id='word_1_124' title='bbox 1871 641 1950 688; x_wconf 73' lang='lat' dir='ltr'><strong>tes</strong></span> <span class='ocrx_word' id='word_1_125' title='bbox 2013 648 2202 689; x_wconf 85' lang='lat' dir='ltr'><strong>versus</strong></span> <span class='ocrx_word' id='word_1_126' title='bbox 2260 630 2545 687; x_wconf 89' lang='lat' dir='ltr'><strong>Venetiam</strong></span> <span class='ocrx_word' id='word_1_127' title='bbox 2591 631 2939 700; x_wconf 79' lang='lat' dir='ltr'><strong>navigarunt.</strong></span> <span class='ocrx_word' id='word_1_128' title='bbox 3001 627 3135 682; x_wconf 92' lang='lat' dir='ltr'><strong>llluc</strong></span> <span class='ocrx_word' id='word_1_129' title='bbox 3179 630 3435 696; x_wconf 67' lang='lat' dir='ltr'><strong>appulsns</strong></span> 
     </span>
    </p>
   </div>
   <div class='ocr_carea' id='block_1_21' title="bbox 1867 719 3438 790">
    <p class='ocr_par' dir='ltr' id='par_1_21' title="bbox 1867 719 3438 790">
     <span class='ocr_line' id='line_1_21' title="bbox 1867 719 3438 790; baseline -0.002 -16"><span class='ocrx_word' id='word_1_130' title='bbox 1867 719 2120 776; x_wconf 69' lang='lat' dir='ltr'><strong>Romaaos</strong></span> <span class='ocrx_word' id='word_1_131' title='bbox 2140 721 2358 790; x_wconf 86' lang='lat' dir='ltr'><strong>respub.</strong></span> <span class='ocrx_word' id='word_1_132' title='bbox 2391 735 2513 774; x_wconf 92' lang='lat' dir='ltr'><strong>cum</strong></span> <span class='ocrx_word' id='word_1_133' title='bbox 2550 719 2887 774; x_wconf 77' lang='lat' dir='ltr'><strong>humanitate</strong></span> <span class='ocrx_word' id='word_1_134' title='bbox 2938 719 3231 789; x_wconf 54' lang='lat' dir='ltr'><strong>suscepit&quot;;</strong></span> <span class='ocrx_word' id='word_1_135' title='bbox 3265 721 3438 786; x_wconf 71' lang='grc' dir='ltr'>ἱιιηιιεο</span> 
     </span>
    </p>
   </div>
   <div class='ocr_carea' id='block_1_22' title="bbox 1867 815 3436 884">
    <p class='ocr_par' dir='ltr' id='par_1_22' title="bbox 1867 815 3436 884">
     <span class='ocr_line' id='line_1_22' title="bbox 1867 815 3436 884; baseline 0.001 -17"><span class='ocrx_word' id='word_1_136' title='bbox 1867 825 2218 884; x_wconf 87' lang='lat' dir='ltr'><strong>ratoremque</strong></span> <span class='ocrx_word' id='word_1_137' title='bbox 2265 824 2320 868; x_wconf 92' lang='lat' dir='ltr'><strong>ut</strong></span> <span class='ocrx_word' id='word_1_138' title='bbox 2397 815 2629 869; x_wconf 91' lang='lat' dir='ltr'><strong>alterum</strong></span> <span class='ocrx_word' id='word_1_139' title='bbox 2712 817 3066 870; x_wconf 88' lang='lat' dir='ltr'><strong>monarcham</strong></span> <span class='ocrx_word' id='word_1_140' title='bbox 3160 827 3212 871; x_wconf 88' lang='lat' dir='ltr'><strong>et</strong></span> <span class='ocrx_word' id='word_1_141' title='bbox 3273 817 3436 870; x_wconf 81' lang='lat' dir='ltr'><strong>saluti</strong></span> 
     </span>
    </p>
   </div>
   <div class='ocr_carea' id='block_1_23' title="bbox 1869 907 3438 978">
    <p class='ocr_par' dir='ltr' id='par_1_23' title="bbox 1869 907 3438 978">
     <span class='ocr_line' id='line_1_23' title="bbox 1869 907 3438 978; baseline 0.002 -17"><span class='ocrx_word' id='word_1_142' title='bbox 1869 910 2174 962; x_wconf 88' lang='lat' dir='ltr'><strong>animorum</strong></span> <span class='ocrx_word' id='word_1_143' title='bbox 2231 907 3046 976; x_wconf 80' lang='lat' dir='ltr'><strong>providentem,patriarcham</strong></span> <span class='ocrx_word' id='word_1_144' title='bbox 3108 911 3316 978; x_wconf 89' lang='lat' dir='ltr'><strong>pariter</strong></span> <span class='ocrx_word' id='word_1_145' title='bbox 3381 918 3438 964; x_wconf 90' lang='lat' dir='ltr'><strong>et</strong></span> 
     </span>
    </p>
   </div>
   <div class='ocr_carea' id='block_1_24' title="bbox 1865 1001 3432 1071">
    <p class='ocr_par' dir='ltr' id='par_1_24' title="bbox 1865 1001 3432 1071">
     <span class='ocr_line' id='line_1_24' title="bbox 1865 1001 3432 1071; baseline 0.003 -17"><span class='ocrx_word' id='word_1_146' title='bbox 1865 1011 2091 1055; x_wconf 73' lang='lat' dir='ltr'><strong>caeteros</strong></span> <span class='ocrx_word' id='word_1_147' title='bbox 2143 1002 2512 1070; x_wconf 84' lang='lat' dir='ltr'><strong>tnetropolitas</strong></span> <span class='ocrx_word' id='word_1_148' title='bbox 2564 1003 2794 1069; x_wconf 82' lang='lat' dir='ltr'><strong>excepit.</strong></span> <span class='ocrx_word' id='word_1_149' title='bbox 2826 1001 2966 1071; x_wconf 89' lang='lat' dir='ltr'><strong>Ipsis</strong></span> <span class='ocrx_word' id='word_1_150' title='bbox 3022 1003 3283 1071; x_wconf 89' lang='lat' dir='ltr'><strong>templum</strong></span> <span class='ocrx_word' id='word_1_151' title='bbox 3339 1019 3432 1058; x_wconf 76' lang='lat' dir='ltr'><strong>sa-</strong></span> 
     </span>
    </p>
   </div>
   <div class='ocr_carea' id='block_1_25' title="bbox 1864 1094 3433 1166">
    <p class='ocr_par' dir='ltr' id='par_1_25' title="bbox 1864 1094 3433 1166">
     <span class='ocr_line' id='line_1_25' title="bbox 1864 1094 3433 1166; baseline -0.002 -16"><span class='ocrx_word' id='word_1_152' title='bbox 1864 1111 2018 1150; x_wconf 90' lang='lat' dir='ltr'><strong>crum</strong></span> <span class='ocrx_word' id='word_1_153' title='bbox 2074 1098 2288 1161; x_wconf 82' lang='lat' dir='ltr'><strong>datum,</strong></span> <span class='ocrx_word' id='word_1_154' title='bbox 2345 1096 2396 1149; x_wconf 92' lang='lat' dir='ltr'><strong>in</strong></span> <span class='ocrx_word' id='word_1_155' title='bbox 2454 1096 2601 1166; x_wconf 86' lang='lat' dir='ltr'><strong>quod</strong></span> <span class='ocrx_word' id='word_1_156' title='bbox 2666 1095 3004 1151; x_wconf 85' lang='lat' dir='ltr'><strong>sacrificium</strong></span> <span class='ocrx_word' id='word_1_157' title='bbox 3076 1094 3433 1148; x_wconf 76' lang='lat' dir='ltr'><strong>incruentum</strong></span> 
     </span>
    </p>
   </div>
   <div class='ocr_carea' id='block_1_26' title="bbox 1863 1187 3432 1256">
    <p class='ocr_par' dir='ltr' id='par_1_26' title="bbox 1863 1187 3432 1256">
     <span class='ocr_line' id='line_1_26' title="bbox 1863 1187 3432 1256; baseline 0 -14"><span class='ocrx_word' id='word_1_158' title='bbox 1863 1190 2188 1244; x_wconf 78' lang='lat' dir='ltr'><strong>celebraturi</strong></span> <span class='ocrx_word' id='word_1_159' title='bbox 2237 1198 2518 1245; x_wconf 88' lang='lat' dir='ltr'><strong>venerunt.</strong></span> <span class='ocrx_word' id='word_1_160' title='bbox 2553 1189 2655 1256; x_wconf 84' lang='lat' dir='ltr'><strong>Qui</strong></span> <span class='ocrx_word' id='word_1_161' title='bbox 2699 1198 2811 1243; x_wconf 90' lang='lat' dir='ltr'><strong>tttm</strong></span> <span class='ocrx_word' id='word_1_162' title='bbox 2857 1187 3101 1244; x_wconf 74' lang='lat' dir='ltr'><strong>Venetiis</strong></span> <span class='ocrx_word' id='word_1_163' title='bbox 3158 1188 3432 1251; x_wconf 84' lang='lat' dir='ltr'><strong>vivebant.</strong></span> 
     </span>
    </p>
   </div>
   <div class='ocr_carea' id='block_1_27' title="bbox 1864 1281 3437 1350">
    <p class='ocr_par' dir='ltr' id='par_1_27' title="bbox 1864 1281 3437 1350">
     <span class='ocr_line' id='line_1_27' title="bbox 1864 1281 3437 1350; baseline -0.001 -15"><span class='ocrx_word' id='word_1_164' title='bbox 1864 1281 1917 1335; x_wconf 90' lang='lat' dir='ltr'><strong>in</strong></span> <span class='ocrx_word' id='word_1_165' title='bbox 1955 1282 2003 1335; x_wconf 93' lang='lat' dir='ltr'><strong>id</strong></span> <span class='ocrx_word' id='word_1_166' title='bbox 2077 1283 2332 1350; x_wconf 81' lang='lat' dir='ltr'><strong>templum</strong></span> <span class='ocrx_word' id='word_1_167' title='bbox 2389 1283 2488 1336; x_wconf 88' lang='lat' dir='ltr'><strong>viri</strong></span> <span class='ocrx_word' id='word_1_168' title='bbox 2520 1292 2575 1336; x_wconf 92' lang='lat' dir='ltr'><strong>et</strong></span> <span class='ocrx_word' id='word_1_169' title='bbox 2621 1281 2837 1335; x_wconf 71' lang='lat' dir='ltr'><strong>feminm</strong></span> <span class='ocrx_word' id='word_1_170' title='bbox 2903 1281 3316 1345; x_wconf 84' lang='lat' dir='ltr'><strong>confluxerunt,</strong></span> <span class='ocrx_word' id='word_1_171' title='bbox 3379 1292 3437 1334; x_wconf 90' lang='lat' dir='ltr'><strong>ut</strong></span> 
     </span>
    </p>
   </div>
   <div class='ocr_carea' id='block_1_28' title="bbox 1863 1373 3435 1445">
    <p class='ocr_par' dir='ltr' id='par_1_28' title="bbox 1863 1373 3435 1445">
     <span class='ocr_line' id='line_1_28' title="bbox 1863 1373 3435 1445; baseline -0.001 -20"><span class='ocrx_word' id='word_1_172' title='bbox 1863 1375 2102 1427; x_wconf 79' lang='lat' dir='ltr'><strong>divinam</strong></span> <span class='ocrx_word' id='word_1_173' title='bbox 2130 1391 2452 1444; x_wconf 78' lang='lat' dir='ltr'><strong>sacramque</strong></span> <span class='ocrx_word' id='word_1_174' title='bbox 2503 1375 2898 1445; x_wconf 80' lang='lat' dir='ltr'><strong>mystagogiam</strong></span> <span class='ocrx_word' id='word_1_175' title='bbox 2937 1375 3088 1443; x_wconf 78' lang='lat' dir='ltr'><strong>juxta</strong></span> <span class='ocrx_word' id='word_1_176' title='bbox 3137 1373 3435 1428; x_wconf 75' lang='lat' dir='ltr'><strong>Orientalis</strong></span> 
     </span>
    </p>
   </div>
   <div class='ocr_carea' id='block_1_29' title="bbox 1864 1449 3431 1523">
    <p class='ocr_par' dir='ltr' id='par_1_29' title="bbox 1864 1449 3431 1523">
     <span class='ocr_line' id='line_1_29' title="bbox 1864 1449 3431 1523; baseline -0.001 -3"><span class='ocrx_word' id='word_1_177' title='bbox 1864 1468 2122 1523; x_wconf 67' lang='lat' dir='ltr'><strong>Ecclesire</strong></span> <span class='ocrx_word' id='word_1_178' title='bbox 2159 1471 2321 1521; x_wconf 81' lang='lat' dir='ltr'><strong>ritum</strong></span> <span class='ocrx_word' id='word_1_179' title='bbox 2379 1469 2630 1523; x_wconf 83' lang='lat' dir='ltr'><strong>viderent</strong></span> <span class='ocrx_word' id='word_1_180' title='bbox 2663 1469 3036 1522; x_wconf 38' lang='lat' dir='ltr'><strong>et‘andirent.</strong></span> <span class='ocrx_word' id='word_1_181' title='bbox 3098 1449 3324 1521; x_wconf 82' lang='lat' dir='ltr'><strong>Attente</strong></span> <span class='ocrx_word' id='word_1_182' title='bbox 3367 1469 3431 1519; x_wconf 82' lang='lat' dir='ltr'><strong>il-</strong></span> 
     </span>
    </p>
   </div>
   <div class='ocr_carea' id='block_1_30' title="bbox 1866 1557 3431 1626">
    <p class='ocr_par' dir='ltr' id='par_1_30' title="bbox 1866 1557 3431 1626">
     <span class='ocr_line' id='line_1_30' title="bbox 1866 1557 3431 1626; baseline 0 -16"><span class='ocrx_word' id='word_1_183' title='bbox 1866 1561 1970 1611; x_wconf 88' lang='lat' dir='ltr'><strong>lttm</strong></span> <span class='ocrx_word' id='word_1_184' title='bbox 2019 1560 2454 1621; x_wconf 80' lang='lat' dir='ltr'><strong>considerantes,</strong></span> <span class='ocrx_word' id='word_1_185' title='bbox 2488 1559 2624 1614; x_wconf 82' lang='lat' dir='ltr'><strong>fusis</strong></span> <span class='ocrx_word' id='word_1_186' title='bbox 2680 1576 2743 1612; x_wconf 82' lang='lat' dir='ltr'><strong>ex</strong></span> <span class='ocrx_word' id='word_1_187' title='bbox 2799 1558 2912 1612; x_wconf 88' lang='lat' dir='ltr'><strong>itno</strong></span> <span class='ocrx_word' id='word_1_188' title='bbox 2949 1557 3112 1612; x_wconf 90' lang='lat' dir='ltr'><strong>corde</strong></span> <span class='ocrx_word' id='word_1_189' title='bbox 3173 1557 3431 1626; x_wconf 83' lang='lat' dir='ltr'><strong>lacrymis</strong></span> 
     </span>
    </p>
   </div>
   <div class='ocr_carea' id='block_1_31' title="bbox 1863 1648 3430 1714">
    <p class='ocr_par' dir='ltr' id='par_1_31' title="bbox 1863 1648 3430 1714">
     <span class='ocr_line' id='line_1_31' title="bbox 1863 1648 3430 1714; baseline -0.004 -9"><span class='ocrx_word' id='word_1_190' title='bbox 1863 1652 2169 1705; x_wconf 87' lang='lat' dir='ltr'><strong>clamabant</strong></span> <span class='ocrx_word' id='word_1_191' title='bbox 2206 1650 2496 1713; x_wconf 80' lang='lat' dir='ltr'><strong>:Domine,</strong></span> <span class='ocrx_word' id='word_1_192' title='bbox 2575 1650 2873 1706; x_wconf 88' lang='lat' dir='ltr'><strong>Ecclesiam</strong></span> <span class='ocrx_word' id='word_1_193' title='bbox 2933 1658 3082 1703; x_wconf 85' lang='lat' dir='ltr'><strong>tuam</strong></span> <span class='ocrx_word' id='word_1_194' title='bbox 3136 1663 3164 1700; x_wconf 92' lang='lat' dir='ltr'><strong>a</strong></span> <span class='ocrx_word' id='word_1_195' title='bbox 3208 1648 3430 1714; x_wconf 84' lang='lat' dir='ltr'><strong>maligni</strong></span> 
     </span>
    </p>
   </div>
   <div class='ocr_carea' id='block_1_32' title="bbox 1865 1743 3431 1808">
    <p class='ocr_par' dir='ltr' id='par_1_32' title="bbox 1865 1743 3431 1808">
     <span class='ocr_line' id='line_1_32' title="bbox 1865 1743 3431 1808; baseline -0.003 -10"><span class='ocrx_word' id='word_1_196' title='bbox 1865 1744 1985 1798; x_wconf 92' lang='lat' dir='ltr'><strong>telis</strong></span> <span class='ocrx_word' id='word_1_197' title='bbox 2043 1745 2264 1798; x_wconf 63' lang='lat' dir='ltr'><strong>illmsam</strong></span> <span class='ocrx_word' id='word_1_198' title='bbox 2315 1750 2469 1797; x_wconf 84' lang='lat' dir='ltr'><strong>tuere</strong></span> <span class='ocrx_word' id='word_1_199' title='bbox 2511 1763 2522 1796; x_wconf 91' lang='lat'><strong>:</strong></span> <span class='ocrx_word' id='word_1_200' title='bbox 2571 1743 2623 1796; x_wconf 93' lang='lat' dir='ltr'><strong>in</strong></span> <span class='ocrx_word' id='word_1_201' title='bbox 2671 1759 2839 1796; x_wconf 91' lang='lat' dir='ltr'><strong>unum</strong></span> <span class='ocrx_word' id='word_1_202' title='bbox 2893 1757 3010 1795; x_wconf 87' lang='lat' dir='ltr'><strong>eam</strong></span> <span class='ocrx_word' id='word_1_203' title='bbox 3080 1752 3431 1808; x_wconf 81' lang='lat' dir='ltr'><strong>coagmenta,</strong></span> 
     </span>
    </p>
   </div>
   <div class='ocr_carea' id='block_1_33' title="bbox 1862 1832 3433 1900">
    <p class='ocr_par' dir='ltr' id='par_1_33' title="bbox 1862 1832 3433 1900">
     <span class='ocr_line' id='line_1_33' title="bbox 1862 1832 3433 1900; baseline -0.005 -12"><span class='ocrx_word' id='word_1_204' title='bbox 1862 1851 1927 1890; x_wconf 78' lang='lat' dir='ltr'><strong>ex</strong></span> <span class='ocrx_word' id='word_1_205' title='bbox 1988 1835 2167 1888; x_wconf 89' lang='lat' dir='ltr'><strong>medio</strong></span> <span class='ocrx_word' id='word_1_206' title='bbox 2219 1835 2342 1900; x_wconf 87' lang='lat' dir='ltr'><strong>eius</strong></span> <span class='ocrx_word' id='word_1_207' title='bbox 2385 1833 2644 1889; x_wconf 86' lang='lat' dir='ltr'><strong>scandala</strong></span> <span class='ocrx_word' id='word_1_208' title='bbox 2704 1832 2937 1899; x_wconf 82' lang='lat' dir='ltr'><strong>cxtirpa.</strong></span> <span class='ocrx_word' id='word_1_209' title='bbox 3000 1833 3103 1896; x_wconf 88' lang='lat' dir='ltr'><strong>Qui</strong></span> <span class='ocrx_word' id='word_1_210' title='bbox 3153 1845 3433 1899; x_wconf 80' lang='lat' dir='ltr'><strong>nunquam</strong></span> 
     </span>
    </p>
   </div>
   <div class='ocr_carea' id='block_1_34' title="bbox 189 1903 1755 1996">
    <p class='ocr_par' dir='ltr' id='par_1_34' title="bbox 189 1909 1755 1995">
     <span class='ocr_line' id='line_1_34' title="bbox 189 1909 1755 1995; baseline 0.013 -36"><span class='ocrx_word' id='word_1_211' title='bbox 189 1909 466 1964; x_wconf 73' lang='grc' dir='ltr'>σκάνδαλα</span> <span class='ocrx_word' id='word_1_212' title='bbox 495 1914 559 1966; x_wconf 82' lang='grc' dir='ltr'>ὲκ</span> <span class='ocrx_word' id='word_1_213' title='bbox 611 1916 782 1984; x_wconf 81' lang='grc' dir='ltr'>μέσου</span> <span class='ocrx_word' id='word_1_214' title='bbox 810 1918 1104 1989; x_wconf 76' lang='grc' dir='ltr'>διάρρηξον</span> <span class='ocrx_word' id='word_1_215' title='bbox 1130 1937 1144 1952; x_wconf 81' lang='grc'><strong><em>⁸</em></strong></span> <span class='ocrx_word' id='word_1_216' title='bbox 1176 1923 1338 1990; x_wconf 80' lang='grc' dir='ltr'>ἡμεῖς</span> <span class='ocrx_word' id='word_1_217' title='bbox 1361 1923 1470 1993; x_wconf 77' lang='grc' dir='ltr'><strong>γὰρ</strong></span> <span class='ocrx_word' id='word_1_218' title='bbox 1497 1926 1547 1977; x_wconf 89' lang='grc' dir='ltr'><strong>οί</strong></span> <span class='ocrx_word' id='word_1_219' title='bbox 1591 1928 1755 1995; x_wconf 86' lang='grc' dir='ltr'>μήπω</span> 
     </span>
    </p>
   </div>
   <div class='ocr_carea' id='block_1_35' title="bbox 1858 1903 3437 1996">
    <p class='ocr_par' dir='ltr' id='par_1_35' title="bbox 1865 1927 3437 1996">
     <span class='ocr_line' id='line_1_35' title="bbox 1865 1927 3437 1996; baseline -0.005 -12"><span class='ocrx_word' id='word_1_220' title='bbox 1865 1930 2084 1984; x_wconf 68' lang='grc' dir='ltr'>ῦτξεοοε</span> <span class='ocrx_word' id='word_1_221' title='bbox 2134 1929 2474 1991; x_wconf 82' lang='lat' dir='ltr'><strong>videramus,</strong></span> <span class='ocrx_word' id='word_1_222' title='bbox 2525 1928 2730 1996; x_wconf 88' lang='lat' dir='ltr'><strong>quique</strong></span> <span class='ocrx_word' id='word_1_223' title='bbox 2784 1940 2974 1980; x_wconf 88' lang='lat' dir='ltr'><strong>eorum</strong></span> <span class='ocrx_word' id='word_1_224' title='bbox 3023 1927 3186 1977; x_wconf 86' lang='lat' dir='ltr'><strong>ritum</strong></span> <span class='ocrx_word' id='word_1_225' title='bbox 3231 1933 3282 1979; x_wconf 91' lang='lat' dir='ltr'><strong>et</strong></span> <span class='ocrx_word' id='word_1_226' title='bbox 3331 1940 3437 1978; x_wconf 73' lang='lat' dir='ltr'><strong>cre-</strong></span> 
     </span>
    </p>
   </div>
   <div class='ocr_carea' id='block_1_36' title="bbox 183 1997 1758 2086">
    <p class='ocr_par' dir='ltr' id='par_1_36' title="bbox 183 1997 1758 2086">
     <span class='ocr_line' id='line_1_36' title="bbox 183 1997 1758 2086; baseline 0.014 -37"><span class='ocrx_word' id='word_1_227' title='bbox 183 1997 496 2069; x_wconf 75' lang='grc' dir='ltr'>ἐωρακότες</span> <span class='ocrx_word' id='word_1_228' title='bbox 525 2004 812 2074; x_wconf 82' lang='grc' dir='ltr'>Γραικοὺς,</span> <span class='ocrx_word' id='word_1_229' title='bbox 845 2009 905 2061; x_wconf 82' lang='grc' dir='ltr'><strong>οῦ</strong></span> <span class='ocrx_word' id='word_1_230' title='bbox 921 2027 979 2061; x_wconf 85' lang='grc' dir='ltr'><strong>τε</strong></span> <span class='ocrx_word' id='word_1_231' title='bbox 1011 2010 1113 2080; x_wconf 83' lang='grc' dir='ltr'>τὴν</span> <span class='ocrx_word' id='word_1_232' title='bbox 1147 2012 1328 2065; x_wconf 81' lang='grc' dir='ltr'>αὐτῶν</span> <span class='ocrx_word' id='word_1_233' title='bbox 1352 2014 1511 2081; x_wconf 83' lang='grc' dir='ltr'>τάξιν</span> <span class='ocrx_word' id='word_1_234' title='bbox 1535 2017 1758 2086; x_wconf 84' lang='grc' dir='ltr'>είδότες,</span> 
     </span>
    </p>
   </div>
   <div class='ocr_carea' id='block_1_37' title="bbox 180 2089 1759 2176">
    <p class='ocr_par' dir='ltr' id='par_1_37' title="bbox 180 2089 1759 2176">
     <span class='ocr_line' id='line_1_37' title="bbox 180 2089 1759 2176; baseline 0.014 -34"><span class='ocrx_word' id='word_1_235' title='bbox 180 2089 458 2159; x_wconf 68' lang='grc' dir='ltr'>ἠκούομεν</span> <span class='ocrx_word' id='word_1_236' title='bbox 489 2095 548 2162; x_wconf 76' lang='grc' dir='ltr'><strong>ἐξ</strong></span> <span class='ocrx_word' id='word_1_237' title='bbox 573 2097 748 2167; x_wconf 75' lang='grc' dir='ltr'>ἄκρας</span> <span class='ocrx_word' id='word_1_238' title='bbox 776 2102 982 2169; x_wconf 79' lang='grc' dir='ltr'>φωνῆς,</span> <span class='ocrx_word' id='word_1_239' title='bbox 1025 2105 1122 2156; x_wconf 78' lang='grc' dir='ltr'>καὶ</span> <span class='ocrx_word' id='word_1_240' title='bbox 1157 2104 1233 2167; x_wconf 84' lang='grc' dir='ltr'>ὡς</span> <span class='ocrx_word' id='word_1_241' title='bbox 1278 2105 1592 2176; x_wconf 74' lang='grc' dir='ltr'>βαρϐάρους</span> <span class='ocrx_word' id='word_1_242' title='bbox 1643 2111 1759 2163; x_wconf 73' lang='grc' dir='ltr'>ἐλο-</span> 
     </span>
    </p>
   </div>
   <div class='ocr_carea' id='block_1_38' title="bbox 185 2183 1759 2271">
    <p class='ocr_par' dir='ltr' id='par_1_38' title="bbox 185 2183 1759 2271">
     <span class='ocr_line' id='line_1_38' title="bbox 185 2183 1759 2271; baseline 0.013 -37"><span class='ocrx_word' id='word_1_243' title='bbox 185 2183 471 2254; x_wconf 81' lang='grc' dir='ltr'>γιζόμεθα.</span> <span class='ocrx_word' id='word_1_244' title='bbox 503 2188 618 2243; x_wconf 85' lang='grc' dir='ltr'><strong>Νῦν</strong></span> <span class='ocrx_word' id='word_1_245' title='bbox 645 2191 701 2244; x_wconf 83' lang='grc' dir='ltr'>δὲ</span> <span class='ocrx_word' id='word_1_246' title='bbox 737 2194 981 2263; x_wconf 80' lang='grc' dir='ltr'>οἴδαμεν,</span> <span class='ocrx_word' id='word_1_247' title='bbox 1038 2198 1134 2251; x_wconf 77' lang='grc' dir='ltr'><strong>καὶ</strong></span> <span class='ocrx_word' id='word_1_248' title='bbox 1176 2200 1644 2271; x_wconf 79' lang='grc' dir='ltr'>πεπιστεύκαμεν,</span> <span class='ocrx_word' id='word_1_249' title='bbox 1668 2204 1759 2256; x_wconf 48' lang='grc' dir='ltr'>’ὅτι</span> 
     </span>
    </p>
   </div>
   <div class='ocr_carea' id='block_1_39' title="bbox 183 2273 1760 2362">
    <p class='ocr_par' dir='ltr' id='par_1_39' title="bbox 183 2273 1760 2362">
     <span class='ocr_line' id='line_1_39' title="bbox 183 2273 1760 2362; baseline 0.013 -33"><span class='ocrx_word' id='word_1_250' title='bbox 183 2273 334 2330; x_wconf 74' lang='grc' dir='ltr'>οὗτοι</span> <span class='ocrx_word' id='word_1_251' title='bbox 358 2281 496 2334; x_wconf 89' lang='grc' dir='ltr'>είσιν</span> <span class='ocrx_word' id='word_1_252' title='bbox 527 2285 575 2336; x_wconf 83' lang='lat' dir='ltr'><strong>oi</strong></span> <span class='ocrx_word' id='word_1_253' title='bbox 609 2286 947 2353; x_wconf 87' lang='grc' dir='ltr'>πρωτότοκοι</span> <span class='ocrx_word' id='word_1_254' title='bbox 1002 2292 1103 2360; x_wconf 85' lang='grc' dir='ltr'><strong>τῆς</strong></span> <span class='ocrx_word' id='word_1_255' title='bbox 1137 2291 1474 2362; x_wconf 85' lang='grc' dir='ltr'>Ἐκκλησίας</span> <span class='ocrx_word' id='word_1_256' title='bbox 1509 2297 1635 2358; x_wconf 73' lang='grc' dir='ltr'>υἱοὶ,</span> <span class='ocrx_word' id='word_1_257' title='bbox 1667 2299 1760 2350; x_wconf 72' lang='grc' dir='ltr'>καὶ</span> 
     </span>
    </p>
   </div>
   <div class='ocr_carea' id='block_1_40' title="bbox 185 2369 1760 2457">
    <p class='ocr_par' dir='ltr' id='par_1_40' title="bbox 185 2369 1760 2457">
     <span class='ocr_line' id='line_1_40' title="bbox 185 2369 1760 2457; baseline 0.012 -35"><span class='ocrx_word' id='word_1_258' title='bbox 185 2369 411 2439; x_wconf 78' lang='grc' dir='ltr'>Πνεῦμα</span> <span class='ocrx_word' id='word_1_259' title='bbox 439 2373 574 2427; x_wconf 81' lang='grc' dir='ltr'>Θεοῦ</span> <span class='ocrx_word' id='word_1_260' title='bbox 607 2379 722 2429; x_wconf 72' lang='grc' dir='ltr'>ἐστι</span> <span class='ocrx_word' id='word_1_261' title='bbox 751 2377 812 2430; x_wconf 84' lang='grc' dir='ltr'>τὸ</span> <span class='ocrx_word' id='word_1_262' title='bbox 839 2379 1037 2434; x_wconf 79' lang='grc' dir='ltr'>λαλοῦν</span> <span class='ocrx_word' id='word_1_263' title='bbox 1069 2384 1125 2434; x_wconf 70' lang='grc' dir='ltr'>ἑν</span> <span class='ocrx_word' id='word_1_264' title='bbox 1179 2385 1385 2448; x_wconf 84' lang='grc' dir='ltr'>αὐτοῖς.</span> <span class='ocrx_word' id='word_1_265' title='bbox 1414 2386 1760 2457; x_wconf 78' lang='grc' dir='ltr'>’Λπάραντες</span> 
     </span>
    </p>
   </div>
   <div class='ocr_carea' id='block_1_41' title="bbox 181 2458 1758 2551">
    <p class='ocr_par' dir='ltr' id='par_1_41' title="bbox 181 2458 1758 2551">
     <span class='ocr_line' id='line_1_41' title="bbox 181 2458 1758 2551; baseline 0.012 -37"><span class='ocrx_word' id='word_1_266' title='bbox 181 2458 280 2514; x_wconf 66' lang='grc' dir='ltr'>οὖν</span> <span class='ocrx_word' id='word_1_267' title='bbox 341 2465 407 2518; x_wconf 70' lang='grc' dir='ltr'>ἔκ</span> <span class='ocrx_word' id='word_1_268' title='bbox 444 2465 698 2531; x_wconf 79' lang='grc' dir='ltr'>Βενετίας</span> <span class='ocrx_word' id='word_1_269' title='bbox 751 2470 838 2523; x_wconf 80' lang='grc' dir='ltr'>διὰ</span> <span class='ocrx_word' id='word_1_270' title='bbox 879 2472 1050 2542; x_wconf 81' lang='grc' dir='ltr'>ξηρᾶς</span> <span class='ocrx_word' id='word_1_271' title='bbox 1107 2474 1335 2544; x_wconf 77' lang='grc' dir='ltr'>ήλθασιν</span> <span class='ocrx_word' id='word_1_272' title='bbox 1387 2477 1443 2528; x_wconf 69' lang='grc' dir='ltr'>ιν</span> <span class='ocrx_word' id='word_1_273' title='bbox 1493 2479 1758 2551; x_wconf 78' lang='grc' dir='ltr'>Φεραρίᾳ.</span> 
     </span>
    </p>
   </div>
   <div class='ocr_carea' id='block_1_42' title="bbox 184 2557 1761 2634">
    <p class='ocr_par' dir='ltr' id='par_1_42' title="bbox 184 2557 1761 2634">
     <span class='ocr_line' id='line_1_42' title="bbox 184 2557 1761 2634; baseline 0.01 -24"><span class='ocrx_word' id='word_1_274' title='bbox 184 2557 364 2610; x_wconf 84' lang='grc' dir='ltr'>Κάκεῖ</span> <span class='ocrx_word' id='word_1_275' title='bbox 382 2559 684 2629; x_wconf 78' lang='grc' dir='ltr'>ἀρξάμενοι</span> <span class='ocrx_word' id='word_1_276' title='bbox 715 2563 783 2618; x_wconf 87' lang='grc' dir='ltr'><strong>τά</strong></span> <span class='ocrx_word' id='word_1_277' title='bbox 813 2565 914 2634; x_wconf 84' lang='grc' dir='ltr'><strong>τῆς</strong></span> <span class='ocrx_word' id='word_1_278' title='bbox 968 2567 1214 2632; x_wconf 86' lang='grc' dir='ltr'>συνόδου,</span> <span class='ocrx_word' id='word_1_279' title='bbox 1274 2571 1544 2624; x_wconf 75' lang='grc' dir='ltr'>κατέλαϐε</span> <span class='ocrx_word' id='word_1_280' title='bbox 1594 2573 1761 2627; x_wconf 67' lang='grc' dir='ltr'>θαναο</span> 
     </span>
    </p>
   </div>
   <div class='ocr_carea' id='block_1_43' title="bbox 183 2657 1759 2739">
    <p class='ocr_par' dir='ltr' id='par_1_43' title="bbox 183 2657 1759 2739">
     <span class='ocr_line' id='line_1_43' title="bbox 183 2657 1759 2739; baseline 0.01 -32"><span class='ocrx_word' id='word_1_281' title='bbox 183 2657 426 2722; x_wconf 75' lang='grc' dir='ltr'>τηφόρος</span> <span class='ocrx_word' id='word_1_282' title='bbox 489 2658 548 2710; x_wconf 75' lang='grc' dir='ltr'>ὲν</span> <span class='ocrx_word' id='word_1_283' title='bbox 598 2659 842 2732; x_wconf 80' lang='grc' dir='ltr'>Φεραρίᾳ.</span> <span class='ocrx_word' id='word_1_284' title='bbox 887 2664 1074 2726; x_wconf 85' lang='grc' dir='ltr'>νόσος·</span> <span class='ocrx_word' id='word_1_285' title='bbox 1139 2665 1396 2718; x_wconf 81' lang='grc' dir='ltr'>κάκεῖθεν</span> <span class='ocrx_word' id='word_1_286' title='bbox 1447 2668 1759 2739; x_wconf 71' lang='grc' dir='ltr'>ἀπάραντες</span> 
     </span>
    </p>
   </div>
   <div class='ocr_carea' id='block_1_44' title="bbox 182 2743 1800 2833">
    <p class='ocr_par' dir='ltr' id='par_1_44' title="bbox 182 2743 1800 2833">
     <span class='ocr_line' id='line_1_44' title="bbox 182 2743 1800 2833; baseline 0.012 -35"><span class='ocrx_word' id='word_1_287' title='bbox 182 2743 354 2816; x_wconf 77' lang='grc' dir='ltr'>ἦλθον</span> <span class='ocrx_word' id='word_1_288' title='bbox 394 2752 452 2803; x_wconf 80' lang='grc' dir='ltr'><strong>έν</strong></span> <span class='ocrx_word' id='word_1_289' title='bbox 497 2752 830 2824; x_wconf 78' lang='grc' dir='ltr'>Φλωρεντίᾳ.</span> <span class='ocrx_word' id='word_1_290' title='bbox 867 2755 956 2809; x_wconf 84' lang='grc' dir='ltr'>Ἐν</span> <span class='ocrx_word' id='word_1_291' title='bbox 991 2757 1047 2809; x_wconf 77' lang='grc' dir='ltr'>δὲ</span> <span class='ocrx_word' id='word_1_292' title='bbox 1096 2760 1161 2828; x_wconf 80' lang='grc' dir='ltr'><strong>τῇ</strong></span> <span class='ocrx_word' id='word_1_293' title='bbox 1212 2760 1527 2832; x_wconf 80' lang='grc' dir='ltr'>Φλωρεντίᾳ</span> <span class='ocrx_word' id='word_1_294' title='bbox 1589 2763 1759 2833; x_wconf 76' lang='grc' dir='ltr'>ὲπλη-</span> <span class='ocrx_word' id='word_1_295' title='bbox 1789 2800 1800 2811; x_wconf 82' lang='grc'>.</span> 
     </span>
    </p>
   </div>
   <div class='ocr_carea' id='block_1_45' title="bbox 187 2841 1758 2923">
    <p class='ocr_par' dir='ltr' id='par_1_45' title="bbox 187 2841 1758 2923">
     <span class='ocr_line' id='line_1_45' title="bbox 187 2841 1758 2923; baseline 0.011 -32"><span class='ocrx_word' id='word_1_296' title='bbox 187 2841 396 2912; x_wconf 76' lang='grc' dir='ltr'>ρώθηή</span> <span class='ocrx_word' id='word_1_297' title='bbox 444 2844 685 2909; x_wconf 81' lang='grc' dir='ltr'>σύνοδος.</span> <span class='ocrx_word' id='word_1_298' title='bbox 734 2842 845 2900; x_wconf 82' lang='grc' dir='ltr'>Ἦν</span> <span class='ocrx_word' id='word_1_299' title='bbox 882 2848 938 2901; x_wconf 89' lang='grc' dir='ltr'>δὲ</span> <span class='ocrx_word' id='word_1_300' title='bbox 981 2848 1209 2920; x_wconf 77' lang='grc' dir='ltr'>ἔξαρχος</span> <span class='ocrx_word' id='word_1_301' title='bbox 1259 2853 1354 2904; x_wconf 83' lang='grc' dir='ltr'><strong>τοῦ</strong></span> <span class='ocrx_word' id='word_1_302' title='bbox 1406 2857 1604 2923; x_wconf 87' lang='grc' dir='ltr'>μέρους</span> <span class='ocrx_word' id='word_1_303' title='bbox 1649 2857 1758 2910; x_wconf 83' lang='grc' dir='ltr'><strong>τῶν</strong></span> 
     </span>
    </p>
   </div>
   <div class='ocr_carea' id='block_1_46' title="bbox 183 2931 1755 3015">
    <p class='ocr_par' dir='ltr' id='par_1_46' title="bbox 183 2931 1755 3015">
     <span class='ocr_line' id='line_1_46' title="bbox 183 2931 1755 3015; baseline 0.011 -33"><span class='ocrx_word' id='word_1_304' title='bbox 183 2931 441 3000; x_wconf 82' lang='grc' dir='ltr'>Γραικῶν</span> <span class='ocrx_word' id='word_1_305' title='bbox 477 2934 584 2987; x_wconf 78' lang='grc' dir='ltr'><strong>ἀπὸ</strong></span> <span class='ocrx_word' id='word_1_306' title='bbox 623 2937 732 2989; x_wconf 85' lang='grc' dir='ltr'><strong>τῶν</strong></span> <span class='ocrx_word' id='word_1_307' title='bbox 776 2941 1083 3008; x_wconf 84' lang='grc' dir='ltr'>ἀρχιερέων</span> <span class='ocrx_word' id='word_1_308' title='bbox 1137 2944 1164 2994; x_wconf 93' lang='lat'><strong>6</strong></span> <span class='ocrx_word' id='word_1_309' title='bbox 1211 2943 1442 3010; x_wconf 83' lang='grc' dir='ltr'>Ἐφέσου</span> <span class='ocrx_word' id='word_1_310' title='bbox 1491 2947 1755 3015; x_wconf 77' lang='grc' dir='ltr'><strong>Μάρκος⁹</strong></span> 
     </span>
    </p>
   </div>
   <div class='ocr_carea' id='block_1_47' title="bbox 187 3023 1756 3104">
    <p class='ocr_par' dir='ltr' id='par_1_47' title="bbox 187 3023 1756 3104">
     <span class='ocr_line' id='line_1_47' title="bbox 187 3023 1756 3104; baseline 0.01 -28"><span class='ocrx_word' id='word_1_311' title='bbox 187 3023 297 3076; x_wconf 77' lang='grc' dir='ltr'><strong>ἀπὸ</strong></span> <span class='ocrx_word' id='word_1_312' title='bbox 331 3024 388 3078; x_wconf 68' lang='grc' dir='ltr'>δὶ</span> <span class='ocrx_word' id='word_1_313' title='bbox 414 3026 507 3079; x_wconf 92' lang='grc' dir='ltr'><strong>τοῦ</strong></span> <span class='ocrx_word' id='word_1_314' title='bbox 536 3028 736 3097; x_wconf 71' lang='grc' dir='ltr'>μέρους</span> <span class='ocrx_word' id='word_1_315' title='bbox 767 3031 876 3082; x_wconf 85' lang='grc' dir='ltr'>τῶν</span> <span class='ocrx_word' id='word_1_316' title='bbox 915 3031 1140 3085; x_wconf 74' lang='grc' dir='ltr'>Ἰταλῶν</span> <span class='ocrx_word' id='word_1_317' title='bbox 1176 3037 1200 3086; x_wconf 97' lang='lat'><strong>6</strong></span> <span class='ocrx_word' id='word_1_318' title='bbox 1246 3036 1621 3104; x_wconf 85' lang='grc' dir='ltr'>Καδδηνάλιος</span> <span class='ocrx_word' id='word_1_319' title='bbox 1663 3039 1756 3092; x_wconf 86' lang='grc' dir='ltr'><strong>τοῦ</strong></span> 
     </span>
    </p>
   </div>
   <div class='ocr_carea' id='block_1_48' title="bbox 181 3118 1758 3202">
    <p class='ocr_par' dir='ltr' id='par_1_48' title="bbox 181 3118 1758 3202">
     <span class='ocr_line' id='line_1_48' title="bbox 181 3118 1758 3202; baseline 0.01 -35"><span class='ocrx_word' id='word_1_320' title='bbox 181 3118 371 3184; x_wconf 80' lang='grc' dir='ltr'>τιμίου</span> <span class='ocrx_word' id='word_1_321' title='bbox 406 3119 649 3188; x_wconf 90' lang='grc' dir='ltr'>σταυροῦ</span> <span class='ocrx_word' id='word_1_322' title='bbox 675 3119 990 3185; x_wconf 81' lang='grc' dir='ltr'>Ἰουλιανὸς,</span> <span class='ocrx_word' id='word_1_323' title='bbox 1028 3126 1198 3193; x_wconf 81' lang='grc' dir='ltr'>μέγας</span> <span class='ocrx_word' id='word_1_324' title='bbox 1227 3129 1285 3178; x_wconf 77' lang='grc' dir='ltr'>ἐν</span> <span class='ocrx_word' id='word_1_325' title='bbox 1318 3130 1381 3196; x_wconf 82' lang='grc' dir='ltr'>τῇ</span> <span class='ocrx_word' id='word_1_326' title='bbox 1433 3127 1537 3192; x_wconf 76' lang='grc' dir='ltr'><strong>ἔξω</strong></span> <span class='ocrx_word' id='word_1_327' title='bbox 1599 3132 1758 3202; x_wconf 74' lang='grc' dir='ltr'>σοφίᾳ</span> 
     </span>
    </p>
   </div>
   <div class='ocr_carea' id='block_1_49' title="bbox 1862 2019 3434 2074">
    <p class='ocr_par' dir='ltr' id='par_1_49' title="bbox 1862 2019 3434 2074">
     <span class='ocr_line' id='line_1_49' title="bbox 1862 2019 3434 2074; baseline -0.004 -2"><span class='ocrx_word' id='word_1_328' title='bbox 1862 2021 2236 2074; x_wconf 89' lang='lat' dir='ltr'><strong>remoniarum</strong></span> <span class='ocrx_word' id='word_1_329' title='bbox 2305 2020 2555 2072; x_wconf 84' lang='lat' dir='ltr'><strong>ordinem</strong></span> <span class='ocrx_word' id='word_1_330' title='bbox 2596 2019 2737 2072; x_wconf 84' lang='lat' dir='ltr'><strong>fama</strong></span> <span class='ocrx_word' id='word_1_331' title='bbox 2801 2027 3009 2070; x_wconf 89' lang='lat' dir='ltr'><strong>tantum</strong></span> <span class='ocrx_word' id='word_1_332' title='bbox 3085 2031 3434 2074; x_wconf 83' lang='lat' dir='ltr'><strong>noveramus.</strong></span> 
     </span>
    </p>
   </div>
   <div class='ocr_carea' id='block_1_50' title="bbox 1862 2105 3437 2180">
    <p class='ocr_par' dir='ltr' id='par_1_50' title="bbox 1862 2105 3437 2180">
     <span class='ocr_line' id='line_1_50' title="bbox 1862 2105 3437 2180; baseline -0.004 -15"><span class='ocrx_word' id='word_1_333' title='bbox 1862 2112 2010 2180; x_wconf 90' lang='lat' dir='ltr'><strong>ipsos</strong></span> <span class='ocrx_word' id='word_1_334' title='bbox 2069 2110 2322 2180; x_wconf 85' lang='lat' dir='ltr'><strong>equidem</strong></span> <span class='ocrx_word' id='word_1_335' title='bbox 2394 2110 2659 2165; x_wconf 86' lang='lat' dir='ltr'><strong>barbaros</strong></span> <span class='ocrx_word' id='word_1_336' title='bbox 2724 2109 3202 2163; x_wconf 81' lang='lat' dir='ltr'><strong>existimabamus.</strong></span> <span class='ocrx_word' id='word_1_337' title='bbox 3276 2105 3437 2158; x_wconf 87' lang='lat' dir='ltr'><strong>Nunc</strong></span> 
     </span>
    </p>
   </div>
   <div class='ocr_carea' id='block_1_51' title="bbox 1862 2198 3436 2271">
    <p class='ocr_par' dir='ltr' id='par_1_51' title="bbox 1862 2198 3436 2271">
     <span class='ocr_line' id='line_1_51' title="bbox 1862 2198 3436 2271; baseline -0.006 -14"><span class='ocrx_word' id='word_1_338' title='bbox 1862 2218 1989 2257; x_wconf 78' lang='lat' dir='ltr'><strong>vero</strong></span> <span class='ocrx_word' id='word_1_339' title='bbox 2034 2203 2398 2271; x_wconf 81' lang='lat' dir='ltr'><strong>cOgnovimus</strong></span> <span class='ocrx_word' id='word_1_340' title='bbox 2437 2210 2489 2256; x_wconf 89' lang='lat' dir='ltr'><strong>et</strong></span> <span class='ocrx_word' id='word_1_341' title='bbox 2523 2200 2866 2255; x_wconf 85' lang='lat' dir='ltr'><strong>credidimus</strong></span> <span class='ocrx_word' id='word_1_342' title='bbox 2920 2201 3128 2268; x_wconf 88' lang='lat' dir='ltr'><strong>primos</strong></span> <span class='ocrx_word' id='word_1_343' title='bbox 3181 2198 3436 2251; x_wconf 65' lang='lat' dir='ltr'><strong>Ecclesiae</strong></span> 
     </span>
    </p>
   </div>
   <div class='ocr_carea' id='block_1_52' title="bbox 1863 2293 3434 2362">
    <p class='ocr_par' dir='ltr' id='par_1_52' title="bbox 1863 2293 3434 2362">
     <span class='ocr_line' id='line_1_52' title="bbox 1863 2293 3434 2362; baseline -0.003 -14"><span class='ocrx_word' id='word_1_344' title='bbox 1863 2295 2026 2350; x_wconf 72' lang='lat' dir='ltr'><strong>fmtus</strong></span> <span class='ocrx_word' id='word_1_345' title='bbox 2055 2310 2152 2349; x_wconf 86' lang='lat' dir='ltr'><strong>eos</strong></span> <span class='ocrx_word' id='word_1_346' title='bbox 2200 2309 2343 2359; x_wconf 86' lang='lat' dir='ltr'><strong>esse,</strong></span> <span class='ocrx_word' id='word_1_347' title='bbox 2377 2303 2430 2348; x_wconf 90' lang='lat' dir='ltr'><strong>et</strong></span> <span class='ocrx_word' id='word_1_348' title='bbox 2487 2294 2747 2362; x_wconf 83' lang='lat' dir='ltr'><strong>Spiritum</strong></span> <span class='ocrx_word' id='word_1_349' title='bbox 2799 2293 3048 2345; x_wconf 85' lang='lat' dir='ltr'><strong>divinum</strong></span> <span class='ocrx_word' id='word_1_350' title='bbox 3091 2306 3283 2345; x_wconf 90' lang='lat' dir='ltr'><strong>eorum</strong></span> <span class='ocrx_word' id='word_1_351' title='bbox 3339 2306 3434 2344; x_wconf 84' lang='lat' dir='ltr'><strong>ore</strong></span> 
     </span>
    </p>
   </div>
   <div class='ocr_carea' id='block_1_53' title="bbox 1860 2385 3434 2457">
    <p class='ocr_par' dir='ltr' id='par_1_53' title="bbox 1860 2385 3434 2457">
     <span class='ocr_line' id='line_1_53' title="bbox 1860 2385 3434 2457; baseline -0.002 -15"><span class='ocrx_word' id='word_1_352' title='bbox 1860 2387 2032 2457; x_wconf 88' lang='lat' dir='ltr'><strong>loqui.</strong></span> <span class='ocrx_word' id='word_1_353' title='bbox 2057 2388 2282 2443; x_wconf 87' lang='lat' dir='ltr'><strong>Venetia</strong></span> <span class='ocrx_word' id='word_1_354' title='bbox 2323 2385 2551 2455; x_wconf 79' lang='lat' dir='ltr'><strong>profecti</strong></span> <span class='ocrx_word' id='word_1_355' title='bbox 2579 2385 2886 2440; x_wconf 82' lang='lat' dir='ltr'><strong>Ferrariam</strong></span> <span class='ocrx_word' id='word_1_356' title='bbox 2944 2385 3198 2438; x_wconf 81' lang='lat' dir='ltr'><strong>terrestri</strong></span> <span class='ocrx_word' id='word_1_357' title='bbox 3235 2385 3434 2439; x_wconf 85' lang='lat' dir='ltr'><strong>itinere</strong></span> 
     </span>
    </p>
   </div>
   <div class='ocr_carea' id='block_1_54' title="bbox 1860 2475 3436 2546">
    <p class='ocr_par' dir='ltr' id='par_1_54' title="bbox 1860 2475 3436 2546">
     <span class='ocr_line' id='line_1_54' title="bbox 1860 2475 3436 2546; baseline -0.004 -12"><span class='ocrx_word' id='word_1_358' title='bbox 1860 2479 2222 2534; x_wconf 84' lang='lat' dir='ltr'><strong>contendunt.</strong></span> <span class='ocrx_word' id='word_1_359' title='bbox 2289 2478 2406 2532; x_wconf 82' lang='lat' dir='ltr'><strong>illic</strong></span> <span class='ocrx_word' id='word_1_360' title='bbox 2466 2479 2718 2532; x_wconf 89' lang='lat' dir='ltr'><strong>inchoata</strong></span> <span class='ocrx_word' id='word_1_361' title='bbox 2784 2478 2993 2546; x_wconf 85' lang='lat' dir='ltr'><strong>synodo</strong></span> <span class='ocrx_word' id='word_1_362' title='bbox 3046 2475 3436 2531; x_wconf 84' lang='lat' dir='ltr'><strong>letbalismor-</strong></span> 
     </span>
    </p>
   </div>
   <div class='ocr_carea' id='block_1_55' title="bbox 1862 2566 3435 2640">
    <p class='ocr_par' dir='ltr' id='par_1_55' title="bbox 1862 2566 3435 2640">
     <span class='ocr_line' id='line_1_55' title="bbox 1862 2566 3435 2640; baseline -0.002 -13"><span class='ocrx_word' id='word_1_363' title='bbox 1862 2574 1963 2627; x_wconf 92' lang='lat' dir='ltr'><strong>bus</strong></span> <span class='ocrx_word' id='word_1_364' title='bbox 1995 2572 2232 2640; x_wconf 74' lang='lat' dir='ltr'><strong>grassari</strong></span> <span class='ocrx_word' id='word_1_365' title='bbox 2292 2571 2497 2640; x_wconf 76' lang='lat' dir='ltr'><strong>C(Bpil;</strong></span> <span class='ocrx_word' id='word_1_366' title='bbox 2528 2570 2784 2624; x_wconf 88' lang='lat' dir='ltr'><strong>Ferraria</strong></span> <span class='ocrx_word' id='word_1_367' title='bbox 2852 2569 2994 2623; x_wconf 79' lang='lat' dir='ltr'><strong>ide0‘</strong></span> <span class='ocrx_word' id='word_1_368' title='bbox 3039 2568 3252 2633; x_wconf 82' lang='lat' dir='ltr'><strong>relicta,</strong></span> <span class='ocrx_word' id='word_1_369' title='bbox 3307 2566 3435 2624; x_wconf 83' lang='lat' dir='ltr'><strong>Flo-</strong></span> 
     </span>
    </p>
   </div>
   <div class='ocr_carea' id='block_1_56' title="bbox 1860 2662 3434 2740">
    <p class='ocr_par' dir='ltr' id='par_1_56' title="bbox 1860 2662 3434 2740">
     <span class='ocr_line' id='line_1_56' title="bbox 1860 2662 3434 2740; baseline -0.003 -21"><span class='ocrx_word' id='word_1_370' title='bbox 1860 2665 2093 2720; x_wconf 82' lang='lat' dir='ltr'><strong>rentiam</strong></span> <span class='ocrx_word' id='word_1_371' title='bbox 2132 2672 2420 2740; x_wconf 74' lang='lat' dir='ltr'><strong>venerunt,</strong></span> <span class='ocrx_word' id='word_1_372' title='bbox 2483 2663 2571 2716; x_wconf 91' lang='lat' dir='ltr'><strong>ubi</strong></span> <span class='ocrx_word' id='word_1_373' title='bbox 2625 2662 2869 2733; x_wconf 81' lang='lat' dir='ltr'><strong>synodus</strong></span> <span class='ocrx_word' id='word_1_374' title='bbox 2929 2671 3151 2731; x_wconf 84' lang='lat' dir='ltr'><strong>peracta</strong></span> <span class='ocrx_word' id='word_1_375' title='bbox 3212 2672 3266 2717; x_wconf 90' lang='lat' dir='ltr'><strong>et</strong></span> <span class='ocrx_word' id='word_1_376' title='bbox 3310 2680 3434 2718; x_wconf 83' lang='lat' dir='ltr'><strong>con-</strong></span> 
     </span>
    </p>
   </div>
   <div class='ocr_carea' id='block_1_57' title="bbox 1860 2744 3435 2828">
    <p class='ocr_par' dir='ltr' id='par_1_57' title="bbox 1860 2744 3435 2828">
     <span class='ocr_line' id='line_1_57' title="bbox 1860 2744 3435 2828; baseline -0.001 -17"><span class='ocrx_word' id='word_1_377' title='bbox 1860 2759 2015 2812; x_wconf 88' lang='lat' dir='ltr'><strong>clusa</strong></span> <span class='ocrx_word' id='word_1_378' title='bbox 2069 2764 2174 2809; x_wconf 89' lang='lat' dir='ltr'><strong>est.</strong></span> <span class='ocrx_word' id='word_1_379' title='bbox 2217 2755 2450 2810; x_wconf 67' lang='lat' dir='ltr'><strong>.Primas</strong></span> <span class='ocrx_word' id='word_1_380' title='bbox 2504 2761 2690 2828; x_wconf 77' lang='lat' dir='ltr'><strong>partes</strong></span> <span class='ocrx_word' id='word_1_381' title='bbox 2737 2754 2884 2808; x_wconf 90' lang='lat' dir='ltr'><strong>inter</strong></span> <span class='ocrx_word' id='word_1_382' title='bbox 2949 2744 3169 2810; x_wconf 70' lang='lat' dir='ltr'><strong>Graecos</strong></span> <span class='ocrx_word' id='word_1_383' title='bbox 3229 2763 3435 2809; x_wconf 83' lang='lat' dir='ltr'><strong>metro-</strong></span> 
     </span>
    </p>
   </div>
   <div class='ocr_carea' id='block_1_58' title="bbox 1861 2845 3432 2919">
    <p class='ocr_par' dir='ltr' id='par_1_58' title="bbox 1861 2845 3432 2919">
     <span class='ocr_line' id='line_1_58' title="bbox 1861 2845 3432 2919; baseline 0.001 -17"><span class='ocrx_word' id='word_1_384' title='bbox 1861 2849 2062 2919; x_wconf 88' lang='lat' dir='ltr'><strong>politas</strong></span> <span class='ocrx_word' id='word_1_385' title='bbox 2124 2850 2319 2914; x_wconf 82' lang='lat' dir='ltr'><strong>agebat</strong></span> <span class='ocrx_word' id='word_1_386' title='bbox 2393 2846 2610 2900; x_wconf 84' lang='lat' dir='ltr'><strong>Marcus</strong></span> <span class='ocrx_word' id='word_1_387' title='bbox 2663 2845 3023 2915; x_wconf 86' lang='lat' dir='ltr'><strong>Ephesinus:</strong></span> <span class='ocrx_word' id='word_1_388' title='bbox 3078 2848 3222 2901; x_wconf 86' lang='lat' dir='ltr'><strong>inter</strong></span> <span class='ocrx_word' id='word_1_389' title='bbox 3271 2848 3432 2903; x_wconf 83' lang='lat' dir='ltr'><strong>italos</strong></span> 
     </span>
    </p>
   </div>
   <div class='ocr_carea' id='block_1_59' title="bbox 1859 2937 3430 3002">
    <p class='ocr_par' dir='ltr' id='par_1_59' title="bbox 1859 2937 3430 3002">
     <span class='ocr_line' id='line_1_59' title="bbox 1859 2937 3430 3002; baseline 0 -8"><span class='ocrx_word' id='word_1_390' title='bbox 1859 2957 1990 2995; x_wconf 86' lang='lat' dir='ltr'><strong>vero</strong></span> <span class='ocrx_word' id='word_1_391' title='bbox 2048 2941 2345 2995; x_wconf 88' lang='lat' dir='ltr'><strong>cardinalis</strong></span> <span class='ocrx_word' id='word_1_392' title='bbox 2413 2938 2669 2993; x_wconf 80' lang='lat' dir='ltr'><strong>Julianus</strong></span> <span class='ocrx_word' id='word_1_393' title='bbox 2727 2939 2886 2992; x_wconf 87' lang='lat' dir='ltr'><strong>titulo</strong></span> <span class='ocrx_word' id='word_1_394' title='bbox 2951 2948 3158 2994; x_wconf 84' lang='lat' dir='ltr'><strong>sanct:e</strong></span> <span class='ocrx_word' id='word_1_395' title='bbox 3215 2937 3430 3002; x_wconf 82' lang='lat' dir='ltr'><strong>Cr&#39;ncis.</strong></span> 
     </span>
    </p>
   </div>
   <div class='ocr_carea' id='block_1_60' title="bbox 1859 3031 3434 3099">
    <p class='ocr_par' dir='ltr' id='par_1_60' title="bbox 1859 3031 3434 3099">
     <span class='ocr_line' id='line_1_60' title="bbox 1859 3031 3434 3099; baseline -0.004 -11"><span class='ocrx_word' id='word_1_396' title='bbox 1859 3047 1982 3088; x_wconf 92' lang='lat' dir='ltr'><strong>cum</strong></span> <span class='ocrx_word' id='word_1_397' title='bbox 2016 3033 2069 3086; x_wconf 92' lang='lat' dir='ltr'><strong>in</strong></span> <span class='ocrx_word' id='word_1_398' title='bbox 2126 3031 2376 3087; x_wconf 86' lang='lat' dir='ltr'><strong>scientiis</strong></span> <span class='ocrx_word' id='word_1_399' title='bbox 2399 3031 2664 3099; x_wconf 81' lang='lat' dir='ltr'><strong>profanis,</strong></span> <span class='ocrx_word' id='word_1_400' title='bbox 2701 3041 2813 3084; x_wconf 86' lang='lat' dir='ltr'><strong>tum</strong></span> <span class='ocrx_word' id='word_1_401' title='bbox 2843 3031 2896 3084; x_wconf 91' lang='lat' dir='ltr'><strong>io</strong></span> <span class='ocrx_word' id='word_1_402' title='bbox 2944 3031 3067 3084; x_wconf 83' lang='lat' dir='ltr'><strong>ildei</strong></span> <span class='ocrx_word' id='word_1_403' title='bbox 3102 3031 3434 3085; x_wconf 60' lang='lat' dir='ltr'><strong>Christianae</strong></span> 
     </span>
    </p>
   </div>
   <div class='ocr_carea' id='block_1_61' title="bbox 1861 3123 3432 3195">
    <p class='ocr_par' dir='ltr' id='par_1_61' title="bbox 1861 3123 3432 3195">
     <span class='ocr_line' id='line_1_61' title="bbox 1861 3123 3432 3195; baseline -0.001 -14"><span class='ocrx_word' id='word_1_404' title='bbox 1861 3126 2206 3194; x_wconf 72' lang='lat' dir='ltr'><strong>dogmatibus</strong></span> <span class='ocrx_word' id='word_1_405' title='bbox 2263 3125 2652 3193; x_wconf 89' lang='lat' dir='ltr'><strong>peritissimus.</strong></span> <span class='ocrx_word' id='word_1_406' title='bbox 2681 3123 2898 3178; x_wconf 84' lang='lat' dir='ltr'><strong>Marcus</strong></span> <span class='ocrx_word' id='word_1_407' title='bbox 2934 3125 3190 3193; x_wconf 87' lang='lat' dir='ltr'><strong>equidem</strong></span> <span class='ocrx_word' id='word_1_408' title='bbox 3227 3125 3432 3195; x_wconf 84' lang='lat' dir='ltr'><strong>Ephesi</strong></span> 
     </span>
    </p>
   </div>
   <div class='ocr_carea' id='block_1_62' title="bbox 182 3210 1755 3316">
    <p class='ocr_par' dir='ltr' id='par_1_62' title="bbox 182 3210 1754 3286">
     <span class='ocr_line' id='line_1_62' title="bbox 182 3210 1754 3286; baseline 0.01 -26"><span class='ocrx_word' id='word_1_409' title='bbox 182 3211 280 3260; x_wconf 71' lang='grc' dir='ltr'>κςιὶ</span> <span class='ocrx_word' id='word_1_410' title='bbox 311 3210 368 3262; x_wconf 85' lang='grc' dir='ltr'>ὲν</span> <span class='ocrx_word' id='word_1_411' title='bbox 391 3213 504 3275; x_wconf 87' lang='grc' dir='ltr'>τοῖς</span> <span class='ocrx_word' id='word_1_412' title='bbox 532 3213 768 3283; x_wconf 77' lang='grc' dir='ltr'>δόγμασι</span> <span class='ocrx_word' id='word_1_413' title='bbox 823 3213 923 3283; x_wconf 86' lang='grc' dir='ltr'>τῆς</span> <span class='ocrx_word' id='word_1_414' title='bbox 953 3215 1059 3267; x_wconf 86' lang='grc' dir='ltr'><strong>τῶν</strong></span> <span class='ocrx_word' id='word_1_415' title='bbox 1083 3217 1438 3286; x_wconf 78' lang='grc' dir='ltr'>Χριστιανῶν</span> <span class='ocrx_word' id='word_1_416' title='bbox 1491 3219 1754 3284; x_wconf 79' lang='grc' dir='ltr'>πίστεως·</span> 
     </span>
    </p>
   </div>
   <div class='ocr_carea' id='block_1_63' title="bbox 1858 3210 3432 3316">
    <p class='ocr_par' dir='ltr' id='par_1_63' title="bbox 1862 3215 3432 3288">
     <span class='ocr_line' id='line_1_63' title="bbox 1862 3215 3432 3288; baseline -0.002 -18"><span class='ocrx_word' id='word_1_417' title='bbox 1862 3217 2203 3288; x_wconf 74' lang='lat' dir='ltr'><strong>Metropolim</strong></span> <span class='ocrx_word' id='word_1_418' title='bbox 2261 3218 2312 3269; x_wconf 86' lang='lat' dir='ltr'><strong>in</strong></span> <span class='ocrx_word' id='word_1_419' title='bbox 2375 3215 2579 3270; x_wconf 74' lang='lat' dir='ltr'><strong>Grrecis</strong></span> <span class='ocrx_word' id='word_1_420' title='bbox 2651 3216 2853 3270; x_wconf 89' lang='lat' dir='ltr'><strong>litteris</strong></span> <span class='ocrx_word' id='word_1_421' title='bbox 2918 3225 3082 3283; x_wconf 87' lang='lat' dir='ltr'><strong>atque</strong></span> <span class='ocrx_word' id='word_1_422' title='bbox 3151 3231 3432 3270; x_wconf 85' lang='lat' dir='ltr'><strong>sacrarum</strong></span> 
     </span>
    </p>
   </div>
   <div class='ocr_carea' id='block_1_64' title="bbox 181 3301 1757 3381">
    <p class='ocr_par' dir='ltr' id='par_1_64' title="bbox 181 3301 1757 3381">
     <span class='ocr_line' id='line_1_64' title="bbox 181 3301 1757 3381; baseline 0.009 -28"><span class='ocrx_word' id='word_1_423' title='bbox 181 3301 464 3370; x_wconf 76' lang='grc' dir='ltr'>ὁἘφέσου</span> <span class='ocrx_word' id='word_1_424' title='bbox 518 3306 774 3376; x_wconf 81' lang='grc' dir='ltr'>Μάρκος,</span> <span class='ocrx_word' id='word_1_425' title='bbox 813 3309 872 3360; x_wconf 76' lang='grc' dir='ltr'>ἐν</span> <span class='ocrx_word' id='word_1_426' title='bbox 924 3308 1260 3376; x_wconf 83' lang='grc' dir='ltr'>Ἑλληνικοῖς</span> <span class='ocrx_word' id='word_1_427' title='bbox 1311 3311 1631 3381; x_wconf 83' lang='grc' dir='ltr'>μαθήμασιν</span> <span class='ocrx_word' id='word_1_428' title='bbox 1666 3316 1757 3367; x_wconf 66' lang='grc' dir='ltr'>καὶ</span> 
     </span>
    </p>
   </div>
   <div class='ocr_carea' id='block_1_65' title="bbox 181 3397 1757 3474">
    <p class='ocr_par' dir='ltr' id='par_1_65' title="bbox 181 3397 1757 3474">
     <span class='ocr_line' id='line_1_65' title="bbox 181 3397 1757 3474; baseline 0.007 -26"><span class='ocrx_word' id='word_1_429' title='bbox 181 3397 352 3465; x_wconf 82' lang='grc' dir='ltr'>ὁρίοις</span> <span class='ocrx_word' id='word_1_430' title='bbox 372 3397 480 3451; x_wconf 83' lang='grc' dir='ltr'><strong>τῶν</strong></span> <span class='ocrx_word' id='word_1_431' title='bbox 507 3398 680 3465; x_wconf 87' lang='grc' dir='ltr'>ἀγίων</span> <span class='ocrx_word' id='word_1_432' title='bbox 712 3401 968 3465; x_wconf 83' lang='grc' dir='ltr'>συνόδων,</span> <span class='ocrx_word' id='word_1_433' title='bbox 996 3403 1176 3455; x_wconf 89' lang='grc' dir='ltr'>κανὼν</span> <span class='ocrx_word' id='word_1_434' title='bbox 1197 3404 1294 3455; x_wconf 77' lang='grc' dir='ltr'>καὶ</span> <span class='ocrx_word' id='word_1_435' title='bbox 1319 3404 1536 3471; x_wconf 83' lang='grc' dir='ltr'>στάθμη</span> <span class='ocrx_word' id='word_1_436' title='bbox 1573 3407 1757 3474; x_wconf 69' lang='grc' dir='ltr'>ἀτταρ-</span> 
     </span>
    </p>
   </div>
   <div class='ocr_carea' id='block_1_66' title="bbox 183 3490 1758 3562">
    <p class='ocr_par' dir='ltr' id='par_1_66' title="bbox 183 3490 1758 3562">
     <span class='ocr_line' id='line_1_66' title="bbox 183 3490 1758 3562; baseline 0.008 -23"><span class='ocrx_word' id='word_1_437' title='bbox 183 3490 453 3553; x_wconf 74' lang='grc' dir='ltr'>έκϐατος’</span> <span class='ocrx_word' id='word_1_438' title='bbox 517 3493 544 3544; x_wconf 88' lang='lat'><strong>6</strong></span> <span class='ocrx_word' id='word_1_439' title='bbox 606 3491 899 3560; x_wconf 82' lang='grc' dir='ltr'>Βησαρίων</span> <span class='ocrx_word' id='word_1_440' title='bbox 954 3494 1215 3558; x_wconf 86' lang='grc' dir='ltr'>Νικαίας,</span> <span class='ocrx_word' id='word_1_441' title='bbox 1289 3498 1382 3548; x_wconf 74' lang='grc' dir='ltr'>καὶ</span> <span class='ocrx_word' id='word_1_442' title='bbox 1438 3499 1465 3548; x_wconf 86' lang='lat'><strong>6</strong></span> <span class='ocrx_word' id='word_1_443' title='bbox 1526 3499 1758 3562; x_wconf 81' lang='grc' dir='ltr'>Ῥωσίας</span> 
     </span>
    </p>
   </div>
   <div class='ocr_carea' id='block_1_67' title="bbox 196 3577 1760 3660">
    <p class='ocr_par' dir='ltr' id='par_1_67' title="bbox 196 3577 1760 3660">
     <span class='ocr_line' id='line_1_67' title="bbox 196 3577 1760 3660; baseline 0.004 -24"><span class='ocrx_word' id='word_1_444' title='bbox 196 3584 488 3653; x_wconf 86' lang='grc' dir='ltr'>Ἰσίδωρος.</span> <span class='ocrx_word' id='word_1_445' title='bbox 539 3577 701 3638; x_wconf 71' lang='grc' dir='ltr'>Οὗτοι</span> <span class='ocrx_word' id='word_1_446' title='bbox 735 3586 792 3638; x_wconf 80' lang='grc' dir='ltr'>δὲ</span> <span class='ocrx_word' id='word_1_447' title='bbox 816 3581 960 3656; x_wconf 78' lang='grc' dir='ltr'>ἦσαν</span> <span class='ocrx_word' id='word_1_448' title='bbox 984 3589 1030 3639; x_wconf 80' lang='lat' dir='ltr'><strong>oi</strong></span> <span class='ocrx_word' id='word_1_449' title='bbox 1062 3588 1381 3657; x_wconf 83' lang='grc' dir='ltr'>λογιώτεροι</span> <span class='ocrx_word' id='word_1_450' title='bbox 1413 3591 1522 3642; x_wconf 87' lang='grc' dir='ltr'>τῶν</span> <span class='ocrx_word' id='word_1_451' title='bbox 1577 3592 1760 3660; x_wconf 80' lang='grc' dir='ltr'>ἀρχιε-</span> 
     </span>
    </p>
   </div>
   <div class='ocr_carea' id='block_1_68' title="bbox 188 3677 1758 3752">
    <p class='ocr_par' dir='ltr' id='par_1_68' title="bbox 188 3677 1758 3752">
     <span class='ocr_line' id='line_1_68' title="bbox 188 3677 1758 3752; baseline 0.006 -26"><span class='ocrx_word' id='word_1_452' title='bbox 188 3677 346 3744; x_wconf 85' lang='grc' dir='ltr'>ρέων,</span> <span class='ocrx_word' id='word_1_453' title='bbox 378 3679 472 3728; x_wconf 82' lang='grc' dir='ltr'>καὶ</span> <span class='ocrx_word' id='word_1_454' title='bbox 526 3677 705 3745; x_wconf 86' lang='grc' dir='ltr'>μέγας</span> <span class='ocrx_word' id='word_1_455' title='bbox 734 3678 1085 3748; x_wconf 78' lang='grc' dir='ltr'>χαρτοιρύλαξ</span> <span class='ocrx_word' id='word_1_456' title='bbox 1119 3682 1146 3731; x_wconf 91' lang='lat'><strong>6</strong></span> <span class='ocrx_word' id='word_1_457' title='bbox 1180 3680 1506 3749; x_wconf 86' lang='grc' dir='ltr'>Βαλσαμῶν,</span> <span class='ocrx_word' id='word_1_458' title='bbox 1538 3685 1628 3734; x_wconf 78' lang='grc' dir='ltr'>καὶ</span> <span class='ocrx_word' id='word_1_459' title='bbox 1659 3685 1758 3752; x_wconf 75' lang='grc' dir='ltr'><strong>ἁρ-</strong></span> 
     </span>
    </p>
   </div>
   <div class='ocr_carea' id='block_1_69' title="bbox 180 3768 1754 3842">
    <p class='ocr_par' dir='ltr' id='par_1_69' title="bbox 180 3768 1754 3842">
     <span class='ocr_line' id='line_1_69' title="bbox 180 3768 1754 3842; baseline 0.005 -24"><span class='ocrx_word' id='word_1_460' title='bbox 180 3768 508 3837; x_wconf 78' lang='grc' dir='ltr'>χιδιάκονος.</span> <span class='ocrx_word' id='word_1_461' title='bbox 553 3769 687 3822; x_wconf 80' lang='grc' dir='ltr'><strong>Ἀπὸ</strong></span> <span class='ocrx_word' id='word_1_462' title='bbox 719 3770 775 3822; x_wconf 81' lang='grc' dir='ltr'>δὲ</span> <span class='ocrx_word' id='word_1_463' title='bbox 799 3770 899 3837; x_wconf 85' lang='grc' dir='ltr'>τῆς</span> <span class='ocrx_word' id='word_1_464' title='bbox 947 3773 1253 3841; x_wconf 85' lang='grc' dir='ltr'>συγκλήτου</span> <span class='ocrx_word' id='word_1_465' title='bbox 1315 3776 1341 3826; x_wconf 88' lang='lat'><strong>6</strong></span> <span class='ocrx_word' id='word_1_466' title='bbox 1378 3773 1642 3842; x_wconf 84' lang='grc' dir='ltr'>Γεμιστὸς</span> <span class='ocrx_word' id='word_1_467' title='bbox 1693 3777 1754 3826; x_wconf 84' lang='grc' dir='ltr'>ἐκ</span> 
     </span>
    </p>
   </div>
   <div class='ocr_carea' id='block_1_70' title="bbox 183 3861 1755 3934">
    <p class='ocr_par' dir='ltr' id='par_1_70' title="bbox 183 3861 1755 3934">
     <span class='ocr_line' id='line_1_70' title="bbox 183 3861 1755 3934; baseline 0.003 -19"><span class='ocrx_word' id='word_1_468' title='bbox 183 3861 645 3930; x_wconf 83' lang='grc' dir='ltr'>Λακεδαιμονίας,</span> <span class='ocrx_word' id='word_1_469' title='bbox 687 3863 965 3931; x_wconf 85' lang='grc' dir='ltr'>Γεώργιος</span> <span class='ocrx_word' id='word_1_470' title='bbox 1011 3867 1038 3916; x_wconf 93' lang='lat'><strong>6</strong></span> <span class='ocrx_word' id='word_1_471' title='bbox 1089 3866 1383 3934; x_wconf 74' lang='grc' dir='ltr'>Σχολάριος</span> <span class='ocrx_word' id='word_1_472' title='bbox 1451 3868 1545 3919; x_wconf 79' lang='grc' dir='ltr'>καὶ</span> <span class='ocrx_word' id='word_1_473' title='bbox 1595 3868 1755 3919; x_wconf 82' lang='grc' dir='ltr'>καθο-</span> 
     </span>
    </p>
   </div>
   <div class='ocr_carea' id='block_1_71' title="bbox 184 3951 1754 4026">
    <p class='ocr_par' dir='ltr' id='par_1_71' title="bbox 184 3951 1754 4026">
     <span class='ocr_line' id='line_1_71' title="bbox 184 3951 1754 4026; baseline 0.003 -21"><span class='ocrx_word' id='word_1_474' title='bbox 184 3955 341 4016; x_wconf 81' lang='grc' dir='ltr'>λικδς</span> <span class='ocrx_word' id='word_1_475' title='bbox 392 3955 610 4025; x_wconf 88' lang='grc' dir='ltr'>κριτὴς,</span> <span class='ocrx_word' id='word_1_476' title='bbox 656 3957 752 4008; x_wconf 86' lang='grc' dir='ltr'>καὶ</span> <span class='ocrx_word' id='word_1_477' title='bbox 780 3956 1225 4026; x_wconf 81' lang='grc' dir='ltr'>Ἀργυρόπουλος</span> <span class='ocrx_word' id='word_1_478' title='bbox 1252 3974 1266 3987; x_wconf 88' lang='grc'><strong>·</strong></span> <span class='ocrx_word' id='word_1_479' title='bbox 1329 3951 1476 4010; x_wconf 71' lang='grc' dir='ltr'>οὗτοι</span> <span class='ocrx_word' id='word_1_480' title='bbox 1519 3959 1573 4011; x_wconf 83' lang='grc' dir='ltr'>δὲ</span> <span class='ocrx_word' id='word_1_481' title='bbox 1615 3955 1754 4026; x_wconf 77' lang='grc' dir='ltr'>ἦσαν</span> 
     </span>
    </p>
   </div>
   <div class='ocr_carea' id='block_1_72' title="bbox 178 4047 1752 4121">
    <p class='ocr_par' dir='ltr' id='par_1_72' title="bbox 178 4047 1752 4121">
     <span class='ocr_line' id='line_1_72' title="bbox 178 4047 1752 4121; baseline 0.004 -23"><span class='ocrx_word' id='word_1_482' title='bbox 178 4048 230 4098; x_wconf 82' lang='grc' dir='ltr'><strong>οῖ</strong></span> <span class='ocrx_word' id='word_1_483' title='bbox 262 4047 583 4118; x_wconf 82' lang='grc' dir='ltr'>μετέχοντες</span> <span class='ocrx_word' id='word_1_484' title='bbox 613 4047 800 4115; x_wconf 88' lang='grc' dir='ltr'>λόγου,</span> <span class='ocrx_word' id='word_1_485' title='bbox 831 4049 895 4101; x_wconf 85' lang='grc' dir='ltr'>ὲκ</span> <span class='ocrx_word' id='word_1_486' title='bbox 937 4049 1135 4120; x_wconf 85' lang='grc' dir='ltr'>μέρους</span> <span class='ocrx_word' id='word_1_487' title='bbox 1172 4050 1228 4102; x_wconf 84' lang='grc' dir='ltr'>δὲ</span> <span class='ocrx_word' id='word_1_488' title='bbox 1292 4051 1386 4104; x_wconf 74' lang='grc' dir='ltr'><strong>καὶ</strong></span> <span class='ocrx_word' id='word_1_489' title='bbox 1441 4050 1752 4121; x_wconf 80' lang='grc' dir='ltr'>Ῥωμαϊκοῦ</span> 
     </span>
    </p>
   </div>
   <div class='ocr_carea' id='block_1_73' title="bbox 1861 3308 3432 3378">
    <p class='ocr_par' dir='ltr' id='par_1_73' title="bbox 1861 3308 3432 3378">
     <span class='ocr_line' id='line_1_73' title="bbox 1861 3308 3432 3378; baseline -0.003 -16"><span class='ocrx_word' id='word_1_490' title='bbox 1861 3311 2189 3378; x_wconf 82' lang='lat' dir='ltr'><strong>synodorum</strong></span> <span class='ocrx_word' id='word_1_491' title='bbox 2224 3309 2458 3363; x_wconf 83' lang='lat' dir='ltr'><strong>decretis</strong></span> <span class='ocrx_word' id='word_1_492' title='bbox 2490 3309 2734 3375; x_wconf 86' lang='lat' dir='ltr'><strong>apprime</strong></span> <span class='ocrx_word' id='word_1_493' title='bbox 2780 3308 3031 3359; x_wconf 87' lang='lat' dir='ltr'><strong>eruditus</strong></span> <span class='ocrx_word' id='word_1_494' title='bbox 3073 3318 3213 3372; x_wconf 90' lang='lat' dir='ltr'><strong>erat,</strong></span> <span class='ocrx_word' id='word_1_495' title='bbox 3257 3321 3432 3359; x_wconf 82' lang='lat' dir='ltr'><strong>canon</strong></span> 
     </span>
    </p>
   </div>
   <div class='ocr_carea' id='block_1_74' title="bbox 1865 3401 3435 3472">
    <p class='ocr_par' dir='ltr' id='par_1_74' title="bbox 1865 3401 3435 3472">
     <span class='ocr_line' id='line_1_74' title="bbox 1865 3401 3435 3472; baseline -0.001 -16"><span class='ocrx_word' id='word_1_496' title='bbox 1865 3404 1982 3472; x_wconf 90' lang='lat' dir='ltr'><strong>ipse</strong></span> <span class='ocrx_word' id='word_1_497' title='bbox 2034 3413 2086 3457; x_wconf 91' lang='lat' dir='ltr'><strong>et</strong></span> <span class='ocrx_word' id='word_1_498' title='bbox 2123 3413 2326 3457; x_wconf 90' lang='lat' dir='ltr'><strong>statera</strong></span> <span class='ocrx_word' id='word_1_499' title='bbox 2383 3401 2750 3456; x_wconf 84' lang='lat' dir='ltr'><strong>iuvariabilis.</strong></span> <span class='ocrx_word' id='word_1_500' title='bbox 2789 3402 3028 3454; x_wconf 80' lang='lat' dir='ltr'><strong>Aderant.</strong></span> <span class='ocrx_word' id='word_1_501' title='bbox 3086 3402 3250 3454; x_wconf 86' lang='lat' dir='ltr'><strong>etiam</strong></span> <span class='ocrx_word' id='word_1_502' title='bbox 3305 3401 3435 3455; x_wconf 85' lang='lat' dir='ltr'><strong>Bes-</strong></span> 
     </span>
    </p>
   </div>
   <div class='ocr_carea' id='block_1_75' title="bbox 1863 3490 3428 3559">
    <p class='ocr_par' dir='ltr' id='par_1_75' title="bbox 1863 3490 3428 3559">
     <span class='ocr_line' id='line_1_75' title="bbox 1863 3490 3428 3559; baseline -0.002 -12"><span class='ocrx_word' id='word_1_503' title='bbox 1863 3495 2048 3547; x_wconf 90' lang='lat' dir='ltr'><strong>sarion</strong></span> <span class='ocrx_word' id='word_1_504' title='bbox 2108 3492 2324 3555; x_wconf 76' lang='lat' dir='ltr'><strong>Nic-arae,</strong></span> <span class='ocrx_word' id='word_1_505' title='bbox 2359 3502 2412 3546; x_wconf 79' lang='lat' dir='ltr'><strong>et</strong></span> <span class='ocrx_word' id='word_1_506' title='bbox 2447 3491 2694 3546; x_wconf 90' lang='lat' dir='ltr'><strong>lsidorus</strong></span> <span class='ocrx_word' id='word_1_507' title='bbox 2761 3491 2977 3545; x_wconf 69' lang='lat' dir='ltr'><strong>Russire</strong></span> <span class='ocrx_word' id='word_1_508' title='bbox 3044 3490 3428 3559; x_wconf 64' lang='lat' dir='ltr'><strong>metropolitte.</strong></span> 
     </span>
    </p>
   </div>
   <div class='ocr_carea' id='block_1_76' title="bbox 1863 3585 3428 3654">
    <p class='ocr_par' dir='ltr' id='par_1_76' title="bbox 1863 3585 3428 3654">
     <span class='ocr_line' id='line_1_76' title="bbox 1863 3585 3428 3654; baseline -0.003 -14"><span class='ocrx_word' id='word_1_509' title='bbox 1863 3588 1925 3640; x_wconf 92' lang='lat' dir='ltr'><strong>lli</strong></span> <span class='ocrx_word' id='word_1_510' title='bbox 1990 3588 2130 3642; x_wconf 90' lang='lat' dir='ltr'><strong>inter</strong></span> <span class='ocrx_word' id='word_1_511' title='bbox 2158 3595 2384 3642; x_wconf 74' lang='lat' dir='ltr'><strong>cre&#39;eros</strong></span> <span class='ocrx_word' id='word_1_512' title='bbox 2415 3586 2840 3654; x_wconf 73' lang='lat' dir='ltr'><strong>archiprzesnlos</strong></span> <span class='ocrx_word' id='word_1_513' title='bbox 2867 3585 3178 3639; x_wconf 74' lang='lat' dir='ltr'><strong>doctissimi</strong></span> <span class='ocrx_word' id='word_1_514' title='bbox 3221 3587 3380 3640; x_wconf 88' lang='lat' dir='ltr'><strong>erant</strong></span> <span class='ocrx_word' id='word_1_515' title='bbox 3415 3604 3428 3636; x_wconf 87' lang='lat'><strong>:</strong></span> 
     </span>
    </p>
   </div>
   <div class='ocr_carea' id='block_1_77' title="bbox 1862 3677 3434 3749">
    <p class='ocr_par' dir='ltr' id='par_1_77' title="bbox 1862 3677 3434 3749">
     <span class='ocr_line' id='line_1_77' title="bbox 1862 3677 3434 3749; baseline -0.002 -18"><span class='ocrx_word' id='word_1_516' title='bbox 1862 3681 2137 3749; x_wconf 76' lang='lat' dir='ltr'><strong>etiamque</strong></span> <span class='ocrx_word' id='word_1_517' title='bbox 2175 3695 2402 3745; x_wconf 72' lang='lat' dir='ltr'><strong>magnus</strong></span> <span class='ocrx_word' id='word_1_518' title='bbox 2456 3678 2853 3746; x_wconf 76' lang='lat' dir='ltr'><strong>chartophylax</strong></span> <span class='ocrx_word' id='word_1_519' title='bbox 2909 3677 3166 3730; x_wconf 80' lang='lat' dir='ltr'><strong>Balsamo</strong></span> <span class='ocrx_word' id='word_1_520' title='bbox 3236 3686 3290 3729; x_wconf 84' lang='lat' dir='ltr'><strong>et</strong></span> <span class='ocrx_word' id='word_1_521' title='bbox 3345 3692 3434 3728; x_wconf 83' lang='lat' dir='ltr'><strong>ar-</strong></span> 
     </span>
    </p>
   </div>
   <div class='ocr_carea' id='block_1_78' title="bbox 1863 3769 3428 3838">
    <p class='ocr_par' dir='ltr' id='par_1_78' title="bbox 1863 3769 3428 3838">
     <span class='ocr_line' id='line_1_78' title="bbox 1863 3769 3428 3838; baseline -0.003 -13"><span class='ocrx_word' id='word_1_522' title='bbox 1863 3772 2246 3825; x_wconf 89' lang='lat' dir='ltr'><strong>chidiaconus.</strong></span> <span class='ocrx_word' id='word_1_523' title='bbox 2331 3769 2407 3822; x_wconf 58' lang='lat' dir='ltr'><strong>Et</strong></span> <span class='ocrx_word' id='word_1_524' title='bbox 2465 3771 2816 3824; x_wconf 76' lang='lat' dir='ltr'><strong>senatoribus</strong></span> <span class='ocrx_word' id='word_1_525' title='bbox 2897 3769 3130 3822; x_wconf 88' lang='lat' dir='ltr'><strong>aderant</strong></span> <span class='ocrx_word' id='word_1_526' title='bbox 3209 3782 3428 3838; x_wconf 86' lang='lat' dir='ltr'><strong>quoque</strong></span> 
     </span>
    </p>
   </div>
   <div class='ocr_carea' id='block_1_79' title="bbox 1863 3858 3431 3926">
    <p class='ocr_par' dir='ltr' id='par_1_79' title="bbox 1863 3858 3431 3926">
     <span class='ocr_line' id='line_1_79' title="bbox 1863 3858 3431 3926; baseline -0.004 -9"><span class='ocrx_word' id='word_1_527' title='bbox 1863 3863 2143 3917; x_wconf 80' lang='lat' dir='ltr'><strong>Gemistus</strong></span> <span class='ocrx_word' id='word_1_528' title='bbox 2225 3859 2698 3923; x_wconf 67' lang='lat' dir='ltr'><strong>Lacedaemonius,</strong></span> <span class='ocrx_word' id='word_1_529' title='bbox 2773 3860 3042 3926; x_wconf 73' lang='lat' dir='ltr'><strong>Georgius</strong></span> <span class='ocrx_word' id='word_1_530' title='bbox 3110 3858 3431 3914; x_wconf 82' lang='lat' dir='ltr'><strong>Scho&#39;arius</strong></span> 
     </span>
    </p>
   </div>
   <div class='ocr_carea' id='block_1_80' title="bbox 1861 3949 3429 4022">
    <p class='ocr_par' dir='ltr' id='par_1_80' title="bbox 1861 3949 3429 4022">
     <span class='ocr_line' id='line_1_80' title="bbox 1861 3949 3429 4022; baseline -0.004 -15"><span class='ocrx_word' id='word_1_531' title='bbox 1861 3964 1906 4008; x_wconf 87' lang='lat' dir='ltr'><strong>et</strong></span> <span class='ocrx_word' id='word_1_532' title='bbox 1941 3954 2108 4022; x_wconf 81' lang='lat' dir='ltr'><strong>judcx</strong></span> <span class='ocrx_word' id='word_1_533' title='bbox 2156 3951 2505 4013; x_wconf 81' lang='lat' dir='ltr'><strong>universalis,</strong></span> <span class='ocrx_word' id='word_1_534' title='bbox 2533 3960 2588 4005; x_wconf 91' lang='lat' dir='ltr'><strong>et</strong></span> <span class='ocrx_word' id='word_1_535' title='bbox 2620 3949 2991 4019; x_wconf 70' lang='lat' dir='ltr'><strong>Argyropttlus</strong></span> <span class='ocrx_word' id='word_1_536' title='bbox 3029 3951 3118 4004; x_wconf 93' lang='lat' dir='ltr'><strong>:hi</strong></span> <span class='ocrx_word' id='word_1_537' title='bbox 3150 3951 3429 4019; x_wconf 84' lang='lat' dir='ltr'><strong>sapientes</strong></span> 
     </span>
    </p>
   </div>
   <div class='ocr_carea' id='block_1_81' title="bbox 1861 4043 3431 4114">
    <p class='ocr_par' dir='ltr' id='par_1_81' title="bbox 1861 4043 3431 4114">
     <span class='ocr_line' id='line_1_81' title="bbox 1861 4043 3431 4114; baseline -0.001 -13"><span class='ocrx_word' id='word_1_538' title='bbox 1861 4055 2040 4110; x_wconf 87' lang='lat' dir='ltr'><strong>erant,</strong></span> <span class='ocrx_word' id='word_1_539' title='bbox 2110 4055 2163 4099; x_wconf 89' lang='lat' dir='ltr'><strong>et</strong></span> <span class='ocrx_word' id='word_1_540' title='bbox 2193 4047 2243 4098; x_wconf 93' lang='lat' dir='ltr'><strong>in</strong></span> <span class='ocrx_word' id='word_1_541' title='bbox 2275 4044 2591 4099; x_wconf 59' lang='lat' dir='ltr'><strong>Grecorum</strong></span> <span class='ocrx_word' id='word_1_542' title='bbox 2639 4043 2870 4098; x_wconf 91' lang='lat' dir='ltr'><strong>scientia</strong></span> <span class='ocrx_word' id='word_1_543' title='bbox 2920 4043 3274 4114; x_wconf 80' lang='lat' dir='ltr'><strong>aliquatenus</strong></span> <span class='ocrx_word' id='word_1_544' title='bbox 3302 4059 3431 4100; x_wconf 85' lang='lat' dir='ltr'><strong>eru-</strong></span> 
     </span>
    </p>
   </div>
   <div class='ocr_carea' id='block_1_82' title="bbox 1377 4209 2222 4272">
    <p class='ocr_par' dir='ltr' id='par_1_82' title="bbox 1377 4209 2222 4272">
     <span class='ocr_line' id='line_1_82' title="bbox 1377 4209 2222 4272; baseline -0.002 -3"><span class='ocrx_word' id='word_1_545' title='bbox 1377 4210 1659 4272; x_wconf 85' lang='lat' dir='ltr'><strong>[smaelis</strong></span> <span class='ocrx_word' id='word_1_546' title='bbox 1697 4209 1992 4271; x_wconf 81' lang='lat' dir='ltr'><strong>Bullialdi</strong></span> <span class='ocrx_word' id='word_1_547' title='bbox 2037 4216 2222 4270; x_wconf 74' lang='lat' dir='ltr'><strong>notae.</strong></span> 
     </span>
    </p>
   </div>
   <div class='ocr_carea' id='block_1_83' title="bbox 254 4352 1750 4422">
    <p class='ocr_par' dir='ltr' id='par_1_83' title="bbox 254 4352 1750 4422">
     <span class='ocr_line' id='line_1_83' title="bbox 254 4352 1750 4422; baseline 0.002 -16"><span class='ocrx_word' id='word_1_548' title='bbox 254 4355 366 4422; x_wconf 87' lang='lat'><strong>(&#39;77)</strong></span> <span class='ocrx_word' id='word_1_549' title='bbox 397 4355 531 4406; x_wconf 80' lang='grc' dir='ltr'><strong>Ἀπὸ</strong></span> <span class='ocrx_word' id='word_1_550' title='bbox 565 4352 664 4420; x_wconf 81' lang='grc' dir='ltr'><strong>τῆ(</strong></span> <span class='ocrx_word' id='word_1_551' title='bbox 702 4356 1156 4407; x_wconf 73' lang='grc' dir='ltr'>Κωνσταντίνου</span> <span class='ocrx_word' id='word_1_552' title='bbox 1178 4356 1264 4420; x_wconf 84' lang='grc' dir='ltr'><strong>είς</strong></span> <span class='ocrx_word' id='word_1_553' title='bbox 1285 4356 1583 4410; x_wconf 84' lang='grc' dir='ltr'>Βενετίαν.</span> <span class='ocrx_word' id='word_1_554' title='bbox 1607 4359 1750 4409; x_wconf 86' lang='lat' dir='ltr'><strong>Con-</strong></span> 
     </span>
    </p>
   </div>
   <div class='ocr_carea' id='block_1_84' title="bbox 178 4423 1744 4491">
    <p class='ocr_par' dir='ltr' id='par_1_84' title="bbox 178 4423 1744 4491">
     <span class='ocr_line' id='line_1_84' title="bbox 178 4423 1744 4491; baseline -0.001 -9"><span class='ocrx_word' id='word_1_555' title='bbox 178 4423 534 4491; x_wconf 69' lang='lat' dir='ltr'><strong>atantinopoli</strong></span> <span class='ocrx_word' id='word_1_556' title='bbox 602 4424 880 4477; x_wconf 85' lang='lat' dir='ltr'><strong>solverunt</strong></span> <span class='ocrx_word' id='word_1_557' title='bbox 943 4423 1206 4477; x_wconf 83' lang='lat' dir='ltr'><strong>Novemb.</strong></span> <span class='ocrx_word' id='word_1_558' title='bbox 1259 4426 1347 4488; x_wconf 69' lang='lat'><strong>&#39;24,</strong></span> <span class='ocrx_word' id='word_1_559' title='bbox 1401 4443 1546 4479; x_wconf 90' lang='lat' dir='ltr'><strong>anno</strong></span> <span class='ocrx_word' id='word_1_560' title='bbox 1585 4428 1744 4490; x_wconf 66' lang='grc'>1457,</span> 
     </span>
    </p>
   </div>
   <div class='ocr_carea' id='block_1_85' title="bbox 179 4493 1742 4567">
    <p class='ocr_par' dir='ltr' id='par_1_85' title="bbox 179 4493 1742 4567">
     <span class='ocr_line' id='line_1_85' title="bbox 179 4493 1742 4567; baseline -0.001 -16"><span class='ocrx_word' id='word_1_561' title='bbox 179 4513 290 4567; x_wconf 91' lang='lat' dir='ltr'><strong>quo</strong></span> <span class='ocrx_word' id='word_1_562' title='bbox 323 4496 411 4550; x_wconf 91' lang='lat' dir='ltr'><strong>die</strong></span> <span class='ocrx_word' id='word_1_563' title='bbox 435 4493 1270 4567; x_wconf 65' lang='lat' dir='ltr'><strong>constantinopoliterrmmotus</strong></span> <span class='ocrx_word' id='word_1_564' title='bbox 1297 4498 1514 4551; x_wconf 89' lang='lat' dir='ltr'><strong>accidit.</strong></span> <span class='ocrx_word' id='word_1_565' title='bbox 1536 4497 1742 4550; x_wconf 83' lang='lat' dir='ltr'><strong>Phraa-</strong></span> 
     </span>
    </p>
   </div>
   <div class='ocr_carea' id='block_1_86' title="bbox 177 4563 1823 4645">
    <p class='ocr_par' dir='ltr' id='par_1_86' title="bbox 177 4563 1823 4645">
     <span class='ocr_line' id='line_1_86' title="bbox 177 4563 1823 4645; baseline -0.002 -23"><span class='ocrx_word' id='word_1_566' title='bbox 177 4563 296 4645; x_wconf 54' lang='lat' dir='ltr'><strong>ies!</strong></span> <span class='ocrx_word' id='word_1_567' title='bbox 329 4563 564 4645; x_wconf 58' lang='lat' dir='ltr'><strong>cap._”,</strong></span> <span class='ocrx_word' id='word_1_568' title='bbox 595 4563 688 4644; x_wconf 67' lang='lat' dir='ltr'><strong>lib.</strong></span> <span class='ocrx_word' id='word_1_569' title='bbox 712 4580 787 4645; x_wconf 48' lang='grc' dir='ltr'><strong>ἐι,</strong></span> <span class='ocrx_word' id='word_1_570' title='bbox 809 4566 882 4616; x_wconf 88' lang='lat' dir='ltr'><strong>ait</strong></span> <span class='ocrx_word' id='word_1_571' title='bbox 917 4563 1612 4645; x_wconf 39' lang='lat' dir='ltr'><strong>imperatoremadvenisse</strong></span> <span class='ocrx_word' id='word_1_572' title='bbox 1646 4568 1745 4645; x_wconf 46' lang='lat' dir='ltr'><strong>Ve:</strong></span> <span class='ocrx_word' id='word_1_573' title='bbox 1781 4591 1823 4645; x_wconf 72' lang='grc' dir='ltr'><strong>ι)</strong></span> 
     </span>
    </p>
   </div>
   <div class='ocr_carea' id='block_1_87' title="bbox 179 4633 1743 4701">
    <p class='ocr_par' dir='ltr' id='par_1_87' title="bbox 179 4633 1743 4701">
     <span class='ocr_line' id='line_1_87' title="bbox 179 4633 1743 4701; baseline -0.002 -9"><span class='ocrx_word' id='word_1_574' title='bbox 179 4639 360 4692; x_wconf 87' lang='lat' dir='ltr'><strong>nelias</strong></span> <span class='ocrx_word' id='word_1_575' title='bbox 388 4633 668 4688; x_wconf 84' lang='lat' dir='ltr'><strong>Februarii</strong></span> <span class='ocrx_word' id='word_1_576' title='bbox 710 4633 764 4694; x_wconf 87' lang='lat'><strong>8.</strong></span> <span class='ocrx_word' id='word_1_577' title='bbox 801 4648 943 4686; x_wconf 92' lang='lat' dir='ltr'><strong>anno</strong></span> <span class='ocrx_word' id='word_1_578' title='bbox 976 4633 1113 4686; x_wconf 72' lang='grc'>6946</span> <span class='ocrx_word' id='word_1_579' title='bbox 1165 4635 1384 4701; x_wconf 85' lang='lat' dir='ltr'><strong>(Christi</strong></span> <span class='ocrx_word' id='word_1_580' title='bbox 1430 4638 1610 4700; x_wconf 73' lang='grc'><strong>1458).</strong></span> <span class='ocrx_word' id='word_1_581' title='bbox 1646 4637 1743 4701; x_wconf 84' lang='lat' dir='ltr'><strong>Qui</strong></span> 
     </span>
    </p>
   </div>
   <div class='ocr_carea' id='block_1_88' title="bbox 180 4703 1742 4771">
    <p class='ocr_par' dir='ltr' id='par_1_88' title="bbox 180 4703 1742 4771">
     <span class='ocr_line' id='line_1_88' title="bbox 180 4703 1742 4771; baseline -0.003 -9"><span class='ocrx_word' id='word_1_582' title='bbox 180 4721 298 4762; x_wconf 86' lang='lat' dir='ltr'><strong>tum</strong></span> <span class='ocrx_word' id='word_1_583' title='bbox 335 4707 497 4758; x_wconf 86' lang='lat' dir='ltr'><strong>etiam</strong></span> <span class='ocrx_word' id='word_1_584' title='bbox 531 4719 652 4756; x_wconf 88' lang='lat' dir='ltr'><strong>cum</strong></span> <span class='ocrx_word' id='word_1_585' title='bbox 686 4703 1017 4769; x_wconf 87' lang='lat' dir='ltr'><strong>imperatore</strong></span> <span class='ocrx_word' id='word_1_586' title='bbox 1042 4713 1094 4754; x_wconf 61' lang='lat' dir='ltr'><strong>et</strong></span> <span class='ocrx_word' id='word_1_587' title='bbox 1129 4707 1440 4771; x_wconf 85' lang='lat' dir='ltr'><strong>patriarcha</strong></span> <span class='ocrx_word' id='word_1_588' title='bbox 1495 4709 1742 4769; x_wconf 85' lang='lat' dir='ltr'><strong>aderant,</strong></span> 
     </span>
    </p>
   </div>
   <div class='ocr_carea' id='block_1_89' title="bbox 179 4772 1742 4834">
    <p class='ocr_par' dir='ltr' id='par_1_89' title="bbox 179 4772 1742 4834">
     <span class='ocr_line' id='line_1_89' title="bbox 179 4772 1742 4834; baseline 0.001 -5"><span class='ocrx_word' id='word_1_589' title='bbox 179 4778 408 4833; x_wconf 83' lang='lat' dir='ltr'><strong>tradunt</strong></span> <span class='ocrx_word' id='word_1_590' title='bbox 430 4773 680 4826; x_wconf 89' lang='lat' dir='ltr'><strong>Venetias</strong></span> <span class='ocrx_word' id='word_1_591' title='bbox 709 4774 995 4828; x_wconf 86' lang='lat' dir='ltr'><strong>advenisse</strong></span> <span class='ocrx_word' id='word_1_592' title='bbox 1024 4772 1261 4827; x_wconf 89' lang='lat' dir='ltr'><strong>Sabbato</strong></span> <span class='ocrx_word' id='word_1_593' title='bbox 1285 4775 1376 4826; x_wconf 84' lang='grc' dir='ltr'><strong>τοῦ</strong></span> <span class='ocrx_word' id='word_1_594' title='bbox 1409 4776 1665 4834; x_wconf 82' lang='grc' dir='ltr'>Ἀσώτου.</span> <span class='ocrx_word' id='word_1_595' title='bbox 1695 4779 1742 4830; x_wconf 92' lang='lat' dir='ltr'><strong>id</strong></span> 
     </span>
    </p>
   </div>
   <div class='ocr_carea' id='block_1_90' title="bbox 176 4843 1748 4911">
    <p class='ocr_par' dir='ltr' id='par_1_90' title="bbox 176 4843 1748 4911">
     <span class='ocr_line' id='line_1_90' title="bbox 176 4843 1748 4911; baseline 0.001 -13"><span class='ocrx_word' id='word_1_596' title='bbox 176 4858 284 4903; x_wconf 77' lang='lat' dir='ltr'><strong>cst.</strong></span> <span class='ocrx_word' id='word_1_597' title='bbox 321 4845 558 4900; x_wconf 87' lang='lat' dir='ltr'><strong>Sabbato</strong></span> <span class='ocrx_word' id='word_1_598' title='bbox 587 4844 757 4910; x_wconf 85' lang='lat' dir='ltr'><strong>pridie</strong></span> <span class='ocrx_word' id='word_1_599' title='bbox 806 4843 1099 4897; x_wconf 72' lang='lat' dir='ltr'><strong>Dominicae</strong></span> <span class='ocrx_word' id='word_1_600' title='bbox 1150 4861 1254 4911; x_wconf 89' lang='lat' dir='ltr'><strong>qua</strong></span> <span class='ocrx_word' id='word_1_601' title='bbox 1302 4844 1593 4899; x_wconf 88' lang='lat' dir='ltr'><strong>Orientalis</strong></span> <span class='ocrx_word' id='word_1_602' title='bbox 1651 4849 1748 4899; x_wconf 79' lang='lat' dir='ltr'><strong>Ec-</strong></span> 
     </span>
    </p>
   </div>
   <div class='ocr_carea' id='block_1_91' title="bbox 177 4913 1745 4982">
    <p class='ocr_par' dir='ltr' id='par_1_91' title="bbox 177 4913 1745 4982">
     <span class='ocr_line' id='line_1_91' title="bbox 177 4913 1745 4982; baseline -0.001 -10"><span class='ocrx_word' id='word_1_603' title='bbox 177 4917 347 4972; x_wconf 77' lang='lat' dir='ltr'><strong>clesia</strong></span> <span class='ocrx_word' id='word_1_604' title='bbox 379 4915 729 4980; x_wconf 79' lang='lat' dir='ltr'><strong>Evangeliutn</strong></span> <span class='ocrx_word' id='word_1_605' title='bbox 779 4913 1126 4982; x_wconf 77' lang='lat' dir='ltr'><strong>prodigiiilii,</strong></span> <span class='ocrx_word' id='word_1_606' title='bbox 1155 4916 1297 4982; x_wconf 91' lang='lat' dir='ltr'><strong>quod</strong></span> <span class='ocrx_word' id='word_1_607' title='bbox 1324 4915 1550 4970; x_wconf 85' lang='lat' dir='ltr'><strong>habetur</strong></span> <span class='ocrx_word' id='word_1_608' title='bbox 1586 4917 1745 4971; x_wconf 71' lang='lat' dir='ltr'><strong>Lucae</strong></span> 
     </span>
    </p>
   </div>
   <div class='ocr_carea' id='block_1_92' title="bbox 176 4983 1740 5053">
    <p class='ocr_par' dir='ltr' id='par_1_92' title="bbox 176 4983 1740 5053">
     <span class='ocr_line' id='line_1_92' title="bbox 176 4983 1740 5053; baseline -0.003 -11"><span class='ocrx_word' id='word_1_609' title='bbox 176 5008 232 5044; x_wconf 88' lang='lat' dir='ltr'><strong>c.</strong></span> <span class='ocrx_word' id='word_1_610' title='bbox 267 5002 354 5051; x_wconf 77' lang='lat' dir='ltr'><strong>xv,</strong></span> <span class='ocrx_word' id='word_1_611' title='bbox 409 4986 461 5037; x_wconf 93' lang='lat' dir='ltr'><strong>in</strong></span> <span class='ocrx_word' id='word_1_612' title='bbox 494 4983 707 5053; x_wconf 68' lang='lat' dir='ltr'><strong>liturgia</strong></span> <span class='ocrx_word' id='word_1_613' title='bbox 759 4984 972 5038; x_wconf 85' lang='lat' dir='ltr'><strong>recitat.</strong></span> <span class='ocrx_word' id='word_1_614' title='bbox 1028 4984 1434 5052; x_wconf 78' lang='lat' dir='ltr'><strong>Experiendum</strong></span> <span class='ocrx_word' id='word_1_615' title='bbox 1490 4997 1574 5039; x_wconf 88' lang='lat' dir='ltr'><strong>est</strong></span> <span class='ocrx_word' id='word_1_616' title='bbox 1614 5003 1740 5039; x_wconf 89' lang='lat' dir='ltr'><strong>num</strong></span> 
     </span>
    </p>
   </div>
   <div class='ocr_carea' id='block_1_93' title="bbox 176 5051 1745 5126">
    <p class='ocr_par' dir='ltr' id='par_1_93' title="bbox 176 5051 1745 5126">
     <span class='ocr_line' id='line_1_93' title="bbox 176 5051 1745 5126; baseline -0.001 -15"><span class='ocrx_word' id='word_1_617' title='bbox 176 5056 472 5126; x_wconf 77' lang='lat' dir='ltr'><strong>conveniat</strong></span> <span class='ocrx_word' id='word_1_618' title='bbox 502 5051 787 5126; x_wconf 72' lang='lat' dir='ltr'><strong>Pltranzes</strong></span> <span class='ocrx_word' id='word_1_619' title='bbox 807 5069 935 5126; x_wconf 77' lang='lat' dir='ltr'><strong>cum</strong></span> <span class='ocrx_word' id='word_1_620' title='bbox 957 5054 1060 5107; x_wconf 90' lang='lat' dir='ltr'><strong>his.</strong></span> <span class='ocrx_word' id='word_1_621' title='bbox 1093 5051 1248 5126; x_wconf 45' lang='lat' dir='ltr'><strong>Anno</strong></span> <span class='ocrx_word' id='word_1_622' title='bbox 1272 5056 1365 5126; x_wconf 59' lang='lat' dir='ltr'><strong>illo</strong></span> <span class='ocrx_word' id='word_1_623' title='bbox 1399 5057 1535 5111; x_wconf 75' lang='grc'><strong>1458</strong></span> <span class='ocrx_word' id='word_1_624' title='bbox 1563 5057 1745 5126; x_wconf 73' lang='lat' dir='ltr'><strong>cyrlus</strong></span> 
     </span>
    </p>
   </div>
   <div class='ocr_carea' id='block_1_94' title="bbox 177 5122 1742 5194">
    <p class='ocr_par' dir='ltr' id='par_1_94' title="bbox 177 5122 1742 5194">
     <span class='ocr_line' id='line_1_94' title="bbox 177 5122 1742 5194; baseline -0.002 -11"><span class='ocrx_word' id='word_1_625' title='bbox 177 5133 322 5184; x_wconf 78' lang='lat' dir='ltr'><strong>lunae</strong></span> <span class='ocrx_word' id='word_1_626' title='bbox 359 5124 459 5177; x_wconf 77' lang='lat' dir='ltr'><strong>fuit</strong></span> <span class='ocrx_word' id='word_1_627' title='bbox 495 5122 582 5183; x_wconf 72' lang='grc'><strong>14.</strong></span> <span class='ocrx_word' id='word_1_628' title='bbox 612 5125 745 5178; x_wconf 86' lang='lat' dir='ltr'><strong>solis</strong></span> <span class='ocrx_word' id='word_1_629' title='bbox 771 5125 856 5187; x_wconf 82' lang='grc'>19,</span> <span class='ocrx_word' id='word_1_630' title='bbox 906 5123 1083 5175; x_wconf 72' lang='lat' dir='ltr'><strong>littera</strong></span> <span class='ocrx_word' id='word_1_631' title='bbox 1109 5125 1262 5178; x_wconf 88' lang='lat' dir='ltr'><strong>Dom.</strong></span> <span class='ocrx_word' id='word_1_632' title='bbox 1293 5125 1353 5190; x_wconf 90' lang='lat' dir='ltr'><strong>E;</strong></span> <span class='ocrx_word' id='word_1_633' title='bbox 1380 5142 1507 5194; x_wconf 74' lang='lat' dir='ltr'><strong>ergo</strong></span> <span class='ocrx_word' id='word_1_634' title='bbox 1530 5122 1742 5180; x_wconf 78' lang='lat' dir='ltr'><strong>Pascha</strong></span> 
     </span>
    </p>
   </div>
   <div class='ocr_carea' id='block_1_95' title="bbox 179 5194 1744 5263">
    <p class='ocr_par' dir='ltr' id='par_1_95' title="bbox 179 5194 1744 5263">
     <span class='ocr_line' id='line_1_95' title="bbox 179 5194 1744 5263; baseline -0.003 -9"><span class='ocrx_word' id='word_1_635' title='bbox 179 5200 287 5254; x_wconf 79' lang='lat' dir='ltr'><strong>fuit</strong></span> <span class='ocrx_word' id='word_1_636' title='bbox 319 5195 522 5263; x_wconf 84' lang='lat' dir='ltr'><strong>Aprilis</strong></span> <span class='ocrx_word' id='word_1_637' title='bbox 555 5194 641 5247; x_wconf 89' lang='lat' dir='ltr'><strong>die</strong></span> <span class='ocrx_word' id='word_1_638' title='bbox 682 5194 782 5246; x_wconf 73' lang='lat'><strong>13:</strong></span> <span class='ocrx_word' id='word_1_639' title='bbox 818 5209 844 5245; x_wconf 88' lang='lat' dir='ltr'><strong>a</strong></span> <span class='ocrx_word' id='word_1_640' title='bbox 877 5209 985 5262; x_wconf 90' lang='lat' dir='ltr'><strong>quo</strong></span> <span class='ocrx_word' id='word_1_641' title='bbox 1018 5195 1060 5248; x_wconf 90' lang='lat' dir='ltr'><strong>si</strong></span> <span class='ocrx_word' id='word_1_642' title='bbox 1091 5207 1236 5248; x_wconf 91' lang='lat' dir='ltr'><strong>retro</strong></span> <span class='ocrx_word' id='word_1_643' title='bbox 1264 5212 1613 5251; x_wconf 87' lang='lat' dir='ltr'><strong>numeremus</strong></span> <span class='ocrx_word' id='word_1_644' title='bbox 1645 5197 1744 5250; x_wconf 86' lang='lat' dir='ltr'><strong>Do-</strong></span> 
     </span>
    </p>
   </div>
   <div class='ocr_carea' id='block_1_96' title="bbox 180 5263 1739 5332">
    <p class='ocr_par' dir='ltr' id='par_1_96' title="bbox 180 5263 1739 5332">
     <span class='ocr_line' id='line_1_96' title="bbox 180 5263 1739 5332; baseline -0.003 -10"><span class='ocrx_word' id='word_1_645' title='bbox 180 5266 414 5322; x_wconf 86' lang='lat' dir='ltr'><strong>tninicas</strong></span> <span class='ocrx_word' id='word_1_646' title='bbox 449 5263 504 5325; x_wconf 88' lang='grc'>9,</span> <span class='ocrx_word' id='word_1_647' title='bbox 534 5265 912 5332; x_wconf 80' lang='lat' dir='ltr'><strong>perveniemus</strong></span> <span class='ocrx_word' id='word_1_648' title='bbox 943 5263 1007 5316; x_wconf 91' lang='lat' dir='ltr'><strong>ad</strong></span> <span class='ocrx_word' id='word_1_649' title='bbox 1046 5265 1324 5318; x_wconf 85' lang='lat' dir='ltr'><strong>Februarii</strong></span> <span class='ocrx_word' id='word_1_650' title='bbox 1360 5266 1500 5319; x_wconf 92' lang='lat' dir='ltr'><strong>diem</strong></span> <span class='ocrx_word' id='word_1_651' title='bbox 1526 5267 1578 5329; x_wconf 87' lang='grc'><strong>9,</strong></span> <span class='ocrx_word' id='word_1_652' title='bbox 1635 5263 1739 5318; x_wconf 53' lang='lat' dir='ltr'><strong>Do;</strong></span> 
     </span>
    </p>
   </div>
   <div class='ocr_carea' id='block_1_97' title="bbox 181 5333 1744 5403">
    <p class='ocr_par' dir='ltr' id='par_1_97' title="bbox 181 5333 1744 5403">
     <span class='ocr_line' id='line_1_97' title="bbox 181 5333 1744 5403; baseline -0.001 -11"><span class='ocrx_word' id='word_1_653' title='bbox 181 5337 439 5392; x_wconf 81' lang='lat' dir='ltr'><strong>Ininicatn</strong></span> <span class='ocrx_word' id='word_1_654' title='bbox 465 5333 558 5385; x_wconf 87' lang='grc' dir='ltr'><strong>τοῦ</strong></span> <span class='ocrx_word' id='word_1_655' title='bbox 591 5333 847 5397; x_wconf 80' lang='grc' dir='ltr'>Ἀσὼτου,</span> <span class='ocrx_word' id='word_1_656' title='bbox 882 5349 973 5388; x_wconf 87' lang='lat' dir='ltr'><strong>seu</strong></span> <span class='ocrx_word' id='word_1_657' title='bbox 1007 5333 1100 5387; x_wconf 81' lang='lat' dir='ltr'><strong>ﬁlii</strong></span> <span class='ocrx_word' id='word_1_658' title='bbox 1128 5336 1358 5403; x_wconf 75' lang='lat' dir='ltr'><strong>prodigi.</strong></span> <span class='ocrx_word' id='word_1_659' title='bbox 1406 5335 1588 5390; x_wconf 83' lang='lat' dir='ltr'><strong>Pridie</strong></span> <span class='ocrx_word' id='word_1_660' title='bbox 1617 5353 1744 5401; x_wconf 68' lang='lat' dir='ltr'><strong>ergo</strong></span> 
     </span>
    </p>
   </div>
   <div class='ocr_carea' id='block_1_98' title="bbox 181 5403 1746 5461">
    <p class='ocr_par' dir='ltr' id='par_1_98' title="bbox 181 5403 1746 5461">
     <span class='ocr_line' id='line_1_98' title="bbox 181 5403 1746 5461; baseline -0.002 0"><span class='ocrx_word' id='word_1_661' title='bbox 181 5409 284 5461; x_wconf 75' lang='lat' dir='ltr'><strong>fuit</strong></span> <span class='ocrx_word' id='word_1_662' title='bbox 308 5403 1038 5458; x_wconf 73' lang='lat' dir='ltr'><strong>SabbatumFebruariidies</strong></span> <span class='ocrx_word' id='word_1_663' title='bbox 1066 5404 1115 5458; x_wconf 89' lang='lat'><strong>8.</strong></span> <span class='ocrx_word' id='word_1_664' title='bbox 1157 5404 1542 5458; x_wconf 82' lang='lat' dir='ltr'><strong>Dominicailla</strong></span> <span class='ocrx_word' id='word_1_665' title='bbox 1580 5407 1746 5458; x_wconf 83' lang='grc' dir='ltr'>Ἀσώ-</span> 
     </span>
    </p>
   </div>
   <div class='ocr_carea' id='block_1_99' title="bbox 176 5473 1746 5542">
    <p class='ocr_par' dir='ltr' id='par_1_99' title="bbox 176 5473 1746 5542">
     <span class='ocr_line' id='line_1_99' title="bbox 176 5473 1746 5542; baseline 0 -11"><span class='ocrx_word' id='word_1_666' title='bbox 176 5497 270 5531; x_wconf 75' lang='grc' dir='ltr'><strong>του</strong></span> <span class='ocrx_word' id='word_1_667' title='bbox 305 5475 464 5527; x_wconf 85' lang='lat' dir='ltr'><strong>nobis</strong></span> <span class='ocrx_word' id='word_1_668' title='bbox 503 5473 703 5526; x_wconf 84' lang='lat' dir='ltr'><strong>Latinis</strong></span> <span class='ocrx_word' id='word_1_669' title='bbox 731 5475 1138 5542; x_wconf 70' lang='lat' dir='ltr'><strong>Septmgesitna</strong></span> <span class='ocrx_word' id='word_1_670' title='bbox 1163 5475 1384 5528; x_wconf 88' lang='lat' dir='ltr'><strong>dicitur.</strong></span> <span class='ocrx_word' id='word_1_671' title='bbox 1423 5476 1612 5530; x_wconf 83' lang='lat' dir='ltr'><strong>Abilla</strong></span> <span class='ocrx_word' id='word_1_672' title='bbox 1648 5479 1746 5531; x_wconf 81' lang='lat' dir='ltr'><strong>llo-</strong></span> 
     </span>
    </p>
   </div>
   <div class='ocr_carea' id='block_1_100' title="bbox 180 5544 1745 5615">
    <p class='ocr_par' dir='ltr' id='par_1_100' title="bbox 180 5544 1745 5615">
     <span class='ocr_line' id='line_1_100' title="bbox 180 5544 1745 5615; baseline -0.001 -16"><span class='ocrx_word' id='word_1_673' title='bbox 180 5547 384 5600; x_wconf 81' lang='lat' dir='ltr'><strong>tttinica</strong></span> <span class='ocrx_word' id='word_1_674' title='bbox 424 5544 488 5615; x_wconf 79' lang='lat' dir='ltr'><strong>at]</strong></span> <span class='ocrx_word' id='word_1_675' title='bbox 517 5555 855 5610; x_wconf 82' lang='lat' dir='ltr'><strong>sequentettt,</strong></span> <span class='ocrx_word' id='word_1_676' title='bbox 899 5561 1017 5610; x_wconf 68' lang='lat' dir='ltr'><strong>qua:</strong></span> <span class='ocrx_word' id='word_1_677' title='bbox 1047 5547 1143 5611; x_wconf 82' lang='grc' dir='ltr'>τῆς</span> <span class='ocrx_word' id='word_1_678' title='bbox 1189 5546 1468 5614; x_wconf 81' lang='grc' dir='ltr'>Ἀπόκρεω</span> <span class='ocrx_word' id='word_1_679' title='bbox 1509 5549 1745 5615; x_wconf 76' lang='lat' dir='ltr'><strong>appella-</strong></span> 
     </span>
    </p>
   </div>
   <div class='ocr_carea' id='block_1_101' title="bbox 179 5613 1742 5681">
    <p class='ocr_par' dir='ltr' id='par_1_101' title="bbox 179 5613 1742 5681">
     <span class='ocr_line' id='line_1_101' title="bbox 179 5613 1742 5681; baseline 0.001 -13"><span class='ocrx_word' id='word_1_680' title='bbox 179 5631 290 5679; x_wconf 83' lang='lat' dir='ltr'><strong>tnr,</strong></span> <span class='ocrx_word' id='word_1_681' title='bbox 330 5613 588 5667; x_wconf 80' lang='lat' dir='ltr'><strong>carnibus</strong></span> <span class='ocrx_word' id='word_1_682' title='bbox 614 5615 829 5681; x_wconf 67' lang='lat' dir='ltr'><strong>egregie</strong></span> <span class='ocrx_word' id='word_1_683' title='bbox 882 5625 1176 5669; x_wconf 75' lang='lat' dir='ltr'><strong>vescuntur</strong></span> <span class='ocrx_word' id='word_1_684' title='bbox 1225 5613 1419 5669; x_wconf 64' lang='lat' dir='ltr'><strong>Graeci.</strong></span> <span class='ocrx_word' id='word_1_685' title='bbox 1481 5613 1742 5670; x_wconf 71' lang='lat' dir='ltr'><strong>Convenit</strong></span> 
     </span>
    </p>
   </div>
   <div class='ocr_carea' id='block_1_102' title="bbox 177 5684 1745 5752">
    <p class='ocr_par' dir='ltr' id='par_1_102' title="bbox 177 5684 1745 5752">
     <span class='ocr_line' id='line_1_102' title="bbox 177 5684 1745 5752; baseline 0.004 -17"><span class='ocrx_word' id='word_1_686' title='bbox 177 5691 344 5740; x_wconf 79' lang='lat' dir='ltr'><strong>etiam</strong></span> <span class='ocrx_word' id='word_1_687' title='bbox 380 5684 582 5735; x_wconf 76' lang='lat' dir='ltr'><strong>nutatio</strong></span> <span class='ocrx_word' id='word_1_688' title='bbox 636 5686 740 5737; x_wconf 85' lang='lat' dir='ltr'><strong>diei</strong></span> <span class='ocrx_word' id='word_1_689' title='bbox 775 5684 806 5735; x_wconf 94' lang='lat'><strong>8</strong></span> <span class='ocrx_word' id='word_1_690' title='bbox 852 5685 934 5734; x_wconf 72' lang='lat' dir='ltr'><strong>Ma</strong></span> <span class='ocrx_word' id='word_1_691' title='bbox 973 5685 1029 5736; x_wconf 75' lang='grc' dir='ltr'><strong>ιιι</strong></span> <span class='ocrx_word' id='word_1_692' title='bbox 1087 5685 1212 5737; x_wconf 87' lang='lat' dir='ltr'><strong>anni</strong></span> <span class='ocrx_word' id='word_1_693' title='bbox 1272 5686 1440 5743; x_wconf 85' lang='lat' dir='ltr'><strong>illius,</strong></span> <span class='ocrx_word' id='word_1_694' title='bbox 1495 5687 1583 5752; x_wconf 88' lang='lat' dir='ltr'><strong>qui</strong></span> <span class='ocrx_word' id='word_1_695' title='bbox 1645 5688 1745 5741; x_wconf 79' lang='lat' dir='ltr'><strong>fuit</strong></span> 
     </span>
    </p>
   </div>
   <div class='ocr_carea' id='block_1_103' title="bbox 179 5753 1745 5822">
    <p class='ocr_par' dir='ltr' id='par_1_103' title="bbox 179 5753 1745 5822">
     <span class='ocr_line' id='line_1_103' title="bbox 179 5753 1745 5822; baseline 0.001 -14"><span class='ocrx_word' id='word_1_696' title='bbox 179 5753 461 5808; x_wconf 72' lang='grc' dir='ltr'>Σάϐϐατον</span> <span class='ocrx_word' id='word_1_697' title='bbox 499 5753 749 5822; x_wconf 72' lang='grc' dir='ltr'>δεύτερον</span> <span class='ocrx_word' id='word_1_698' title='bbox 783 5753 888 5804; x_wconf 79' lang='grc' dir='ltr'><strong>τῶν</strong></span> <span class='ocrx_word' id='word_1_699' title='bbox 921 5753 1220 5819; x_wconf 66' lang='grc' dir='ltr'>Νηστειὼν,</span> <span class='ocrx_word' id='word_1_700' title='bbox 1263 5773 1370 5821; x_wconf 81' lang='lat' dir='ltr'><strong>quo</strong></span> <span class='ocrx_word' id='word_1_701' title='bbox 1401 5756 1484 5806; x_wconf 77' lang='lat' dir='ltr'><strong>die</strong></span> <span class='ocrx_word' id='word_1_702' title='bbox 1517 5759 1745 5822; x_wconf 76' lang='lat' dir='ltr'><strong>patriar-</strong></span> 
     </span>
    </p>
   </div>
   <div class='ocr_carea' id='block_1_104' title="bbox 187 5823 1742 5893">
    <p class='ocr_par' dir='ltr' id='par_1_104' title="bbox 187 5823 1742 5893">
     <span class='ocr_line' id='line_1_104' title="bbox 187 5823 1742 5893; baseline 0 -18"><span class='ocrx_word' id='word_1_703' title='bbox 187 5831 292 5878; x_wconf 82' lang='lat' dir='ltr'><strong>cha</strong></span> <span class='ocrx_word' id='word_1_704' title='bbox 330 5823 603 5893; x_wconf 79' lang='lat' dir='ltr'><strong>Josephns</strong></span> <span class='ocrx_word' id='word_1_705' title='bbox 633 5839 820 5891; x_wconf 85' lang='lat' dir='ltr'><strong>papam</strong></span> <span class='ocrx_word' id='word_1_706' title='bbox 853 5824 1103 5876; x_wconf 77' lang='lat' dir='ltr'><strong>salutavit</strong></span> <span class='ocrx_word' id='word_1_707' title='bbox 1129 5828 1313 5878; x_wconf 78' lang='lat' dir='ltr'><strong>osculo</strong></span> <span class='ocrx_word' id='word_1_708' title='bbox 1371 5827 1516 5893; x_wconf 64' lang='lat' dir='ltr'><strong>paris</strong></span> <span class='ocrx_word' id='word_1_709' title='bbox 1559 5828 1609 5878; x_wconf 90' lang='lat' dir='ltr'><strong>in</strong></span> <span class='ocrx_word' id='word_1_710' title='bbox 1641 5828 1742 5876; x_wconf 70' lang='grc'><strong>1).»-</strong></span> 
     </span>
    </p>
   </div>
   <div class='ocr_carea' id='block_1_105' title="bbox 187 5892 1738 5963">
    <p class='ocr_par' dir='ltr' id='par_1_105' title="bbox 187 5892 1738 5963">
     <span class='ocr_line' id='line_1_105' title="bbox 187 5892 1738 5963; baseline 0.001 -12"><span class='ocrx_word' id='word_1_711' title='bbox 187 5900 362 5958; x_wconf 78' lang='lat' dir='ltr'><strong>mino.</strong></span> <span class='ocrx_word' id='word_1_712' title='bbox 385 5901 442 5947; x_wconf 84' lang='lat' dir='ltr'><strong>ut</strong></span> <span class='ocrx_word' id='word_1_713' title='bbox 477 5892 933 5948; x_wconf 69' lang='lat' dir='ltr'><strong>rcicrtPhranzcs</strong></span> <span class='ocrx_word' id='word_1_714' title='bbox 963 5911 1080 5962; x_wconf 78' lang='lat' dir='ltr'><strong>cap.</strong></span> <span class='ocrx_word' id='word_1_715' title='bbox 1112 5897 1188 5957; x_wconf 72' lang='grc' dir='ltr'><strong>ΞΟ,</strong></span> <span class='ocrx_word' id='word_1_716' title='bbox 1225 5898 1314 5950; x_wconf 76' lang='grc' dir='ltr'>Ιι1ι.</span> <span class='ocrx_word' id='word_1_717' title='bbox 1349 5913 1405 5960; x_wconf 88' lang='grc' dir='ltr'><strong>ιι,</strong></span> <span class='ocrx_word' id='word_1_718' title='bbox 1428 5907 1475 5949; x_wconf 73' lang='lat' dir='ltr'><strong>ct</strong></span> <span class='ocrx_word' id='word_1_719' title='bbox 1507 5900 1592 5963; x_wconf 80' lang='lat' dir='ltr'><strong>qui</strong></span> <span class='ocrx_word' id='word_1_720' title='bbox 1617 5917 1738 5952; x_wconf 66' lang='grc' dir='ltr'>ιιυεια</span> 
     </span>
    </p>
   </div>
   <div class='ocr_carea' id='block_1_106' title="bbox 1857 4351 3424 4421">
    <p class='ocr_par' dir='ltr' id='par_1_106' title="bbox 1857 4351 3424 4421">
     <span class='ocr_line' id='line_1_106' title="bbox 1857 4351 3424 4421; baseline 0 -14"><span class='ocrx_word' id='word_1_721' title='bbox 1857 4357 1983 4409; x_wconf 76' lang='lat' dir='ltr'><strong>rilio</strong></span> <span class='ocrx_word' id='word_1_722' title='bbox 2012 4355 2372 4408; x_wconf 80' lang='lat' dir='ltr'><strong>interfuerunt.</strong></span> <span class='ocrx_word' id='word_1_723' title='bbox 2407 4354 2578 4407; x_wconf 50' lang='lat' dir='ltr'><strong>Graeci</strong></span> <span class='ocrx_word' id='word_1_724' title='bbox 2621 4355 2759 4407; x_wconf 76' lang='lat' dir='ltr'><strong>idem</strong></span> <span class='ocrx_word' id='word_1_725' title='bbox 2795 4353 3042 4405; x_wconf 84' lang='lat' dir='ltr'><strong>tradunt.</strong></span> <span class='ocrx_word' id='word_1_726' title='bbox 3106 4351 3424 4421; x_wconf 82' lang='lat' dir='ltr'><strong>adduntque</strong></span> 
     </span>
    </p>
   </div>
   <div class='ocr_carea' id='block_1_107' title="bbox 1858 4421 3426 4493">
    <p class='ocr_par' dir='ltr' id='par_1_107' title="bbox 1858 4421 3426 4493">
     <span class='ocr_line' id='line_1_107' title="bbox 1858 4421 3426 4493; baseline 0 -15"><span class='ocrx_word' id='word_1_727' title='bbox 1858 4427 2224 4493; x_wconf 82' lang='lat' dir='ltr'><strong>patriarcham</strong></span> <span class='ocrx_word' id='word_1_728' title='bbox 2252 4426 2491 4477; x_wconf 69' lang='lat' dir='ltr'><strong>noluisse</strong></span> <span class='ocrx_word' id='word_1_729' title='bbox 2529 4427 2677 4486; x_wconf 77' lang='lat' dir='ltr'><strong>iuxta</strong></span> <span class='ocrx_word' id='word_1_730' title='bbox 2714 4421 3148 4479; x_wconf 88' lang='lat' dir='ltr'><strong>Occidentalium</strong></span> <span class='ocrx_word' id='word_1_731' title='bbox 3192 4438 3426 4478; x_wconf 84' lang='lat' dir='ltr'><strong>consuc-</strong></span> 
     </span>
    </p>
   </div>
   <div class='ocr_carea' id='block_1_108' title="bbox 1857 4496 2625 4562">
    <p class='ocr_par' dir='ltr' id='par_1_108' title="bbox 1857 4496 2625 4562">
     <span class='ocr_line' id='line_1_108' title="bbox 1857 4496 2625 4562; baseline -0.007 -12"><span class='ocrx_word' id='word_1_732' title='bbox 1857 4498 2099 4550; x_wconf 81' lang='lat' dir='ltr'><strong>tndinem</strong></span> <span class='ocrx_word' id='word_1_733' title='bbox 2132 4511 2323 4562; x_wconf 81' lang='lat' dir='ltr'><strong>papam</strong></span> <span class='ocrx_word' id='word_1_734' title='bbox 2363 4496 2625 4562; x_wconf 76' lang='lat' dir='ltr'><strong>salutare.</strong></span> 
     </span>
    </p>
   </div>
   <div class='ocr_carea' id='block_1_109' title="bbox 1926 4561 3421 4633">
    <p class='ocr_par' dir='ltr' id='par_1_109' title="bbox 1926 4561 3421 4633">
     <span class='ocr_line' id='line_1_109' title="bbox 1926 4561 3421 4633; baseline 0.001 -15"><span class='ocrx_word' id='word_1_735' title='bbox 1926 4568 2036 4633; x_wconf 72' lang='lat' dir='ltr'><strong>(7S)</strong></span> <span class='ocrx_word' id='word_1_736' title='bbox 2066 4566 2339 4619; x_wconf 74' lang='grc' dir='ltr'>Ἓδωκαν</span> <span class='ocrx_word' id='word_1_737' title='bbox 2398 4561 2510 4618; x_wconf 83' lang='grc' dir='ltr'><strong>οὖν</strong></span> <span class='ocrx_word' id='word_1_738' title='bbox 2559 4564 2784 4627; x_wconf 81' lang='grc' dir='ltr'>αὐτοῖς.</span> <span class='ocrx_word' id='word_1_739' title='bbox 2825 4563 3109 4628; x_wconf 84' lang='lat' dir='ltr'><strong>Quodnam</strong></span> <span class='ocrx_word' id='word_1_740' title='bbox 3161 4568 3421 4633; x_wconf 86' lang='lat' dir='ltr'><strong>templum</strong></span> 
     </span>
    </p>
   </div>
   <div class='ocr_carea' id='block_1_110' title="bbox 1855 4633 3427 4695">
    <p class='ocr_par' dir='ltr' id='par_1_110' title="bbox 1855 4633 3427 4695">
     <span class='ocr_line' id='line_1_110' title="bbox 1855 4633 3427 4695; baseline 0 -7"><span class='ocrx_word' id='word_1_741' title='bbox 1855 4637 2041 4691; x_wconf 87' lang='lat' dir='ltr'><strong>Veneti</strong></span> <span class='ocrx_word' id='word_1_742' title='bbox 2066 4637 2269 4690; x_wconf 76' lang='lat' dir='ltr'><strong>Graecis</strong></span> <span class='ocrx_word' id='word_1_743' title='bbox 2304 4634 2368 4688; x_wconf 81' lang='lat' dir='ltr'><strong>ad</strong></span> <span class='ocrx_word' id='word_1_744' title='bbox 2409 4634 2680 4695; x_wconf 70' lang='lat' dir='ltr'><strong>liturgiam</strong></span> <span class='ocrx_word' id='word_1_745' title='bbox 2716 4633 3096 4686; x_wconf 75' lang='lat' dir='ltr'><strong>celebrandam</strong></span> <span class='ocrx_word' id='word_1_746' title='bbox 3136 4641 3266 4688; x_wconf 88' lang='lat' dir='ltr'><strong>tttnc</strong></span> <span class='ocrx_word' id='word_1_747' title='bbox 3297 4654 3427 4688; x_wconf 79' lang='lat' dir='ltr'><strong>t&#39;ott-</strong></span> 
     </span>
    </p>
   </div>
   <div class='ocr_carea' id='block_1_111' title="bbox 1852 4703 3423 4769">
    <p class='ocr_par' dir='ltr' id='par_1_111' title="bbox 1852 4703 3423 4769">
     <span class='ocr_line' id='line_1_111' title="bbox 1852 4703 3423 4769; baseline -0.001 -10"><span class='ocrx_word' id='word_1_748' title='bbox 1852 4709 2119 4760; x_wconf 75' lang='lat' dir='ltr'><strong>cesserint</strong></span> <span class='ocrx_word' id='word_1_749' title='bbox 2154 4705 2358 4766; x_wconf 64' lang='lat' dir='ltr'><strong>nescio,</strong></span> <span class='ocrx_word' id='word_1_750' title='bbox 2395 4704 2496 4758; x_wconf 75' lang='lat' dir='ltr'><strong>nisi</strong></span> <span class='ocrx_word' id='word_1_751' title='bbox 2536 4705 2674 4758; x_wconf 77' lang='lat' dir='ltr'><strong>forte</strong></span> <span class='ocrx_word' id='word_1_752' title='bbox 2709 4703 2764 4758; x_wconf 90' lang='lat' dir='ltr'><strong>S.</strong></span> <span class='ocrx_word' id='word_1_753' title='bbox 2805 4704 3040 4766; x_wconf 67' lang='lat' dir='ltr'><strong>Georgii.</strong></span> <span class='ocrx_word' id='word_1_754' title='bbox 3073 4703 3124 4756; x_wconf 92' lang='lat' dir='ltr'><strong>in</strong></span> <span class='ocrx_word' id='word_1_755' title='bbox 3179 4721 3286 4769; x_wconf 88' lang='lat' dir='ltr'><strong>qtto</strong></span> <span class='ocrx_word' id='word_1_756' title='bbox 3326 4705 3423 4757; x_wconf 74' lang='lat' dir='ltr'><strong>Ve-</strong></span> 
     </span>
    </p>
   </div>
   <div class='ocr_carea' id='block_1_112' title="bbox 1855 4773 3421 4841">
    <p class='ocr_par' dir='ltr' id='par_1_112' title="bbox 1855 4773 3421 4841">
     <span class='ocr_line' id='line_1_112' title="bbox 1855 4773 3421 4841; baseline -0.003 -12"><span class='ocrx_word' id='word_1_757' title='bbox 1855 4779 2030 4830; x_wconf 68' lang='lat' dir='ltr'><strong>netiae.</strong></span> <span class='ocrx_word' id='word_1_758' title='bbox 2065 4777 2265 4828; x_wconf 69' lang='lat' dir='ltr'><strong>reversi</strong></span> <span class='ocrx_word' id='word_1_759' title='bbox 2326 4791 2423 4840; x_wconf 90' lang='lat' dir='ltr'><strong>pro</strong></span> <span class='ocrx_word' id='word_1_760' title='bbox 2457 4773 2720 4827; x_wconf 62' lang='lat' dir='ltr'><strong>defuncto</strong></span> <span class='ocrx_word' id='word_1_761' title='bbox 2774 4774 3090 4841; x_wconf 81' lang='lat' dir='ltr'><strong>patriarcha</strong></span> <span class='ocrx_word' id='word_1_762' title='bbox 3148 4773 3421 4831; x_wconf 74' lang='lat' dir='ltr'><strong>litui-aiam</strong></span> 
     </span>
    </p>
   </div>
   <div class='ocr_carea' id='block_1_113' title="bbox 1851 4843 3424 4909">
    <p class='ocr_par' dir='ltr' id='par_1_113' title="bbox 1851 4843 3424 4909">
     <span class='ocr_line' id='line_1_113' title="bbox 1851 4843 3424 4909; baseline 0 -12"><span class='ocrx_word' id='word_1_763' title='bbox 1851 4849 2215 4900; x_wconf 76' lang='lat' dir='ltr'><strong>celebrarunt.</strong></span> <span class='ocrx_word' id='word_1_764' title='bbox 2250 4845 2451 4898; x_wconf 73' lang='lat' dir='ltr'><strong>Natant</strong></span> <span class='ocrx_word' id='word_1_765' title='bbox 2474 4846 2561 4909; x_wconf 90' lang='lat' dir='ltr'><strong>qui</strong></span> <span class='ocrx_word' id='word_1_766' title='bbox 2595 4843 2886 4897; x_wconf 78' lang='lat' dir='ltr'><strong>adfuerunt</strong></span> <span class='ocrx_word' id='word_1_767' title='bbox 2923 4843 3122 4902; x_wconf 66' lang='lat' dir='ltr'><strong>Graeci.</strong></span> <span class='ocrx_word' id='word_1_768' title='bbox 3183 4859 3209 4896; x_wconf 87' lang='lat' dir='ltr'><strong>a</strong></span> <span class='ocrx_word' id='word_1_769' title='bbox 3245 4845 3373 4897; x_wconf 72' lang='lat' dir='ltr'><strong>Veni</strong></span> <span class='ocrx_word' id='word_1_770' title='bbox 3396 4871 3424 4886; x_wconf 86' lang='lat'><strong>-</strong></span> 
     </span>
    </p>
   </div>
   <div class='ocr_carea' id='block_1_114' title="bbox 1852 4914 3426 4983">
    <p class='ocr_par' dir='ltr' id='par_1_114' title="bbox 1852 4914 3426 4983">
     <span class='ocr_line' id='line_1_114' title="bbox 1852 4914 3426 4983; baseline -0.004 -13"><span class='ocrx_word' id='word_1_771' title='bbox 1852 4919 2042 4970; x_wconf 67' lang='lat' dir='ltr'><strong>tiarqu</strong></span> <span class='ocrx_word' id='word_1_772' title='bbox 2077 4919 2212 4969; x_wconf 75' lang='lat' dir='ltr'><strong>duce</strong></span> <span class='ocrx_word' id='word_1_773' title='bbox 2246 4927 2490 4981; x_wconf 72' lang='lat' dir='ltr'><strong>rogatum</strong></span> <span class='ocrx_word' id='word_1_774' title='bbox 2517 4916 2586 4967; x_wconf 92' lang='lat' dir='ltr'><strong>im</strong></span> <span class='ocrx_word' id='word_1_775' title='bbox 2601 4925 2899 4983; x_wconf 54' lang='lat' dir='ltr'><strong>peratorem</strong></span> <span class='ocrx_word' id='word_1_776' title='bbox 2926 4929 2952 4964; x_wconf 90' lang='lat' dir='ltr'><strong>a</strong></span> <span class='ocrx_word' id='word_1_777' title='bbox 2984 4914 3219 4966; x_wconf 81' lang='lat' dir='ltr'><strong>concilio</strong></span> <span class='ocrx_word' id='word_1_778' title='bbox 3255 4915 3426 4967; x_wconf 73' lang='grc' dir='ltr'>νοιιιίο-</span> 
     </span>
    </p>
   </div>
   <div class='ocr_carea' id='block_1_115' title="bbox 1852 4983 3424 5050">
    <p class='ocr_par' dir='ltr' id='par_1_115' title="bbox 1852 4983 3424 5050">
     <span class='ocr_line' id='line_1_115' title="bbox 1852 4983 3424 5050; baseline -0.001 -11"><span class='ocrx_word' id='word_1_779' title='bbox 1852 4991 1952 5041; x_wconf 87' lang='lat' dir='ltr'><strong>tias</strong></span> <span class='ocrx_word' id='word_1_780' title='bbox 1979 5002 2277 5046; x_wconf 77' lang='lat' dir='ltr'><strong>l‘th&#39;rSllln,</strong></span> <span class='ocrx_word' id='word_1_781' title='bbox 2313 4997 2372 5039; x_wconf 89' lang='lat' dir='ltr'><strong>ut</strong></span> <span class='ocrx_word' id='word_1_782' title='bbox 2398 4985 2613 5040; x_wconf 69' lang='lat' dir='ltr'><strong>Graecos</strong></span> <span class='ocrx_word' id='word_1_783' title='bbox 2646 4985 2699 5038; x_wconf 83' lang='lat' dir='ltr'><strong>in</strong></span> <span class='ocrx_word' id='word_1_784' title='bbox 2737 4985 2796 5037; x_wconf 91' lang='lat' dir='ltr'><strong>D.</strong></span> <span class='ocrx_word' id='word_1_785' title='bbox 2829 4983 2992 5037; x_wconf 78' lang='lat' dir='ltr'><strong>Marri</strong></span> <span class='ocrx_word' id='word_1_786' title='bbox 3022 4985 3222 5050; x_wconf 87' lang='lat' dir='ltr'><strong>templo</strong></span> <span class='ocrx_word' id='word_1_787' title='bbox 3268 4985 3424 5038; x_wconf 66' lang='lat' dir='ltr'><strong>latur-</strong></span> 
     </span>
    </p>
   </div>
   <div class='ocr_carea' id='block_1_116' title="bbox 1849 5053 3423 5123">
    <p class='ocr_par' dir='ltr' id='par_1_116' title="bbox 1849 5053 3423 5123">
     <span class='ocr_line' id='line_1_116' title="bbox 1849 5053 3423 5123; baseline -0.001 -14"><span class='ocrx_word' id='word_1_788' title='bbox 1849 5060 1990 5123; x_wconf 71' lang='lat' dir='ltr'><strong>giam</strong></span> <span class='ocrx_word' id='word_1_789' title='bbox 2024 5058 2301 5110; x_wconf 69' lang='lat' dir='ltr'><strong>celebrare</strong></span> <span class='ocrx_word' id='word_1_790' title='bbox 2329 5057 2574 5120; x_wconf 72' lang='lat' dir='ltr'><strong>inberet;</strong></span> <span class='ocrx_word' id='word_1_791' title='bbox 2608 5057 2748 5122; x_wconf 89' lang='lat' dir='ltr'><strong>quod</strong></span> <span class='ocrx_word' id='word_1_792' title='bbox 2777 5056 2999 5106; x_wconf 82' lang='lat' dir='ltr'><strong>factum.</strong></span> <span class='ocrx_word' id='word_1_793' title='bbox 3025 5053 3102 5106; x_wconf 82' lang='lat' dir='ltr'><strong>Ad</strong></span> <span class='ocrx_word' id='word_1_794' title='bbox 3138 5057 3423 5108; x_wconf 76' lang='lat' dir='ltr'><strong>celebran-</strong></span> 
     </span>
    </p>
   </div>
   <div class='ocr_carea' id='block_1_117' title="bbox 1849 5125 3421 5196">
    <p class='ocr_par' dir='ltr' id='par_1_117' title="bbox 1849 5125 3421 5196">
     <span class='ocr_line' id='line_1_117' title="bbox 1849 5125 3421 5196; baseline -0.003 -17"><span class='ocrx_word' id='word_1_795' title='bbox 1849 5128 1975 5180; x_wconf 88' lang='lat' dir='ltr'><strong>dum</strong></span> <span class='ocrx_word' id='word_1_796' title='bbox 2013 5127 2472 5196; x_wconf 71' lang='lat' dir='ltr'><strong>protosyncellus.</strong></span> <span class='ocrx_word' id='word_1_797' title='bbox 2511 5141 2648 5193; x_wconf 89' lang='lat' dir='ltr'><strong>quos</strong></span> <span class='ocrx_word' id='word_1_798' title='bbox 2693 5125 2920 5196; x_wconf 48' lang='lat' dir='ltr'><strong>Latini:</strong></span> <span class='ocrx_word' id='word_1_799' title='bbox 2967 5133 3123 5196; x_wconf 83' lang='lat' dir='ltr'><strong>norat</strong></span> <span class='ocrx_word' id='word_1_800' title='bbox 3188 5127 3421 5176; x_wconf 73' lang='lat' dir='ltr'><strong>maxime</strong></span> 
     </span>
    </p>
   </div>
   <div class='ocr_carea' id='block_1_118' title="bbox 1847 5193 3424 5265">
    <p class='ocr_par' dir='ltr' id='par_1_118' title="bbox 1847 5193 3424 5265">
     <span class='ocr_line' id='line_1_118' title="bbox 1847 5193 3424 5265; baseline -0.004 -14"><span class='ocrx_word' id='word_1_801' title='bbox 1847 5199 2152 5259; x_wconf 80' lang='lat' dir='ltr'><strong>adversari,</strong></span> <span class='ocrx_word' id='word_1_802' title='bbox 2204 5193 2417 5265; x_wconf 75' lang='lat' dir='ltr'><strong>elegit:</strong></span> <span class='ocrx_word' id='word_1_803' title='bbox 2449 5207 2501 5248; x_wconf 91' lang='lat' dir='ltr'><strong>et</strong></span> <span class='ocrx_word' id='word_1_804' title='bbox 2558 5206 2821 5262; x_wconf 72' lang='lat' dir='ltr'><strong>praesente</strong></span> <span class='ocrx_word' id='word_1_805' title='bbox 2881 5193 3233 5265; x_wconf 63' lang='lat' dir='ltr'><strong>Venetiarum</strong></span> <span class='ocrx_word' id='word_1_806' title='bbox 3284 5197 3424 5247; x_wconf 76' lang='lat' dir='ltr'><strong>dure</strong></span> 
     </span>
    </p>
   </div>
   <div class='ocr_carea' id='block_1_119' title="bbox 1847 5264 3422 5336">
    <p class='ocr_par' dir='ltr' id='par_1_119' title="bbox 1847 5264 3422 5336">
     <span class='ocr_line' id='line_1_119' title="bbox 1847 5264 3422 5336; baseline -0.003 -17"><span class='ocrx_word' id='word_1_807' title='bbox 1847 5269 2220 5336; x_wconf 84' lang='lat' dir='ltr'><strong>patriciisque.</strong></span> <span class='ocrx_word' id='word_1_808' title='bbox 2249 5264 2654 5328; x_wconf 71' lang='lat' dir='ltr'><strong>sacraliturgia,</strong></span> <span class='ocrx_word' id='word_1_809' title='bbox 2689 5265 2753 5317; x_wconf 82' lang='lat' dir='ltr'><strong>iis</strong></span> <span class='ocrx_word' id='word_1_810' title='bbox 2777 5264 3134 5336; x_wconf 68' lang='lat' dir='ltr'><strong>probant‘bus</strong></span> <span class='ocrx_word' id='word_1_811' title='bbox 3161 5281 3422 5316; x_wconf 74' lang='lat' dir='ltr'><strong>ozrretno-</strong></span> 
     </span>
    </p>
   </div>
   <div class='ocr_carea' id='block_1_120' title="bbox 1849 5333 3424 5404">
    <p class='ocr_par' dir='ltr' id='par_1_120' title="bbox 1849 5333 3424 5404">
     <span class='ocr_line' id='line_1_120' title="bbox 1849 5333 3424 5404; baseline -0.002 -15"><span class='ocrx_word' id='word_1_812' title='bbox 1849 5333 2076 5404; x_wconf 69' lang='lat' dir='ltr'><strong>piasque</strong></span> <span class='ocrx_word' id='word_1_813' title='bbox 2107 5337 2477 5398; x_wconf 83' lang='lat' dir='ltr'><strong>laudantibus,</strong></span> <span class='ocrx_word' id='word_1_814' title='bbox 2521 5344 2737 5400; x_wconf 86' lang='lat' dir='ltr'><strong>peracta</strong></span> <span class='ocrx_word' id='word_1_815' title='bbox 2772 5343 2873 5389; x_wconf 84' lang='lat' dir='ltr'><strong>est.</strong></span> <span class='ocrx_word' id='word_1_816' title='bbox 2950 5333 3222 5387; x_wconf 72' lang='grc' dir='ltr'>Ειιιιεηιιι</span> <span class='ocrx_word' id='word_1_817' title='bbox 3269 5337 3368 5387; x_wconf 84' lang='lat' dir='ltr'><strong>han</strong></span> <span class='ocrx_word' id='word_1_818' title='bbox 3395 5354 3424 5386; x_wconf 72' lang='grc' dir='ltr'><strong>ιι</strong></span> 
     </span>
    </p>
   </div>
   <div class='ocr_carea' id='block_1_121' title="bbox 1847 5405 3418 5473">
    <p class='ocr_par' dir='ltr' id='par_1_121' title="bbox 1847 5405 3418 5473">
     <span class='ocr_line' id='line_1_121' title="bbox 1847 5405 3418 5473; baseline -0.001 -14"><span class='ocrx_word' id='word_1_819' title='bbox 1847 5408 2268 5461; x_wconf 84' lang='lat' dir='ltr'><strong>celebrationem</strong></span> <span class='ocrx_word' id='word_1_820' title='bbox 2321 5406 2374 5458; x_wconf 93' lang='lat' dir='ltr'><strong>in</strong></span> <span class='ocrx_word' id='word_1_821' title='bbox 2414 5405 2725 5459; x_wconf 88' lang='lat' dir='ltr'><strong>Latinorum</strong></span> <span class='ocrx_word' id='word_1_822' title='bbox 2758 5406 2958 5473; x_wconf 65' lang='lat' dir='ltr'><strong>templo</strong></span> <span class='ocrx_word' id='word_1_823' title='bbox 3020 5414 3290 5469; x_wconf 82' lang='lat' dir='ltr'><strong>peractam</strong></span> <span class='ocrx_word' id='word_1_824' title='bbox 3335 5408 3418 5458; x_wconf 73' lang='lat' dir='ltr'><strong>tli-</strong></span> 
     </span>
    </p>
   </div>
   <div class='ocr_carea' id='block_1_122' title="bbox 1845 5475 3420 5545">
    <p class='ocr_par' dir='ltr' id='par_1_122' title="bbox 1845 5475 3420 5545">
     <span class='ocr_line' id='line_1_122' title="bbox 1845 5475 3420 5545; baseline -0.003 -15"><span class='ocrx_word' id='word_1_825' title='bbox 1845 5481 2163 5545; x_wconf 80' lang='lat' dir='ltr'><strong>cuntquein</strong></span> <span class='ocrx_word' id='word_1_826' title='bbox 2199 5479 2418 5544; x_wconf 84' lang='lat' dir='ltr'><strong>proprio</strong></span> <span class='ocrx_word' id='word_1_827' title='bbox 2475 5477 2816 5545; x_wconf 70' lang='lat' dir='ltr'><strong>Antimensio</strong></span> <span class='ocrx_word' id='word_1_828' title='bbox 2873 5475 3213 5538; x_wconf 84' lang='lat' dir='ltr'><strong>celebrasse,</strong></span> <span class='ocrx_word' id='word_1_829' title='bbox 3273 5492 3420 5527; x_wconf 65' lang='lat' dir='ltr'><strong>vasis</strong></span> 
     </span>
    </p>
   </div>
   <div class='ocr_carea' id='block_1_123' title="bbox 1847 5544 3419 5612">
    <p class='ocr_par' dir='ltr' id='par_1_123' title="bbox 1847 5544 3419 5612">
     <span class='ocr_line' id='line_1_123' title="bbox 1847 5544 3419 5612; baseline -0.001 -12"><span class='ocrx_word' id='word_1_830' title='bbox 1847 5564 1961 5602; x_wconf 81' lang='lat' dir='ltr'><strong>suis</strong></span> <span class='ocrx_word' id='word_1_831' title='bbox 1989 5544 2115 5599; x_wconf 79' lang='lat' dir='ltr'><strong>usos</strong></span> <span class='ocrx_word' id='word_1_832' title='bbox 2139 5563 2279 5606; x_wconf 79' lang='lat' dir='ltr'><strong>esse,</strong></span> <span class='ocrx_word' id='word_1_833' title='bbox 2325 5561 2649 5612; x_wconf 78' lang='lat' dir='ltr'><strong>amnemque</strong></span> <span class='ocrx_word' id='word_1_834' title='bbox 2697 5544 2938 5596; x_wconf 79' lang='lat' dir='ltr'><strong>Ot‘tiittt‘llt</strong></span> <span class='ocrx_word' id='word_1_835' title='bbox 2979 5555 3029 5595; x_wconf 89' lang='lat' dir='ltr'><strong>et</strong></span> <span class='ocrx_word' id='word_1_836' title='bbox 3064 5548 3419 5598; x_wconf 69' lang='lat' dir='ltr'><strong>caeremonias</strong></span> 
     </span>
    </p>
   </div>
   <div class='ocr_carea' id='block_1_124' title="bbox 1851 5613 3422 5671">
    <p class='ocr_par' dir='ltr' id='par_1_124' title="bbox 1851 5613 3422 5671">
     <span class='ocr_line' id='line_1_124' title="bbox 1851 5613 3422 5671; baseline -0.001 -3"><span class='ocrx_word' id='word_1_837' title='bbox 1851 5619 2101 5671; x_wconf 49' lang='lat' dir='ltr'><strong>Ecclesia).</strong></span> <span class='ocrx_word' id='word_1_838' title='bbox 2117 5634 2227 5670; x_wconf 70' lang='lat' dir='ltr'><strong>sua:</strong></span> <span class='ocrx_word' id='word_1_839' title='bbox 2245 5631 2508 5669; x_wconf 76' lang='lat' dir='ltr'><strong>servasse.</strong></span> <span class='ocrx_word' id='word_1_840' title='bbox 2540 5616 2647 5668; x_wconf 79' lang='lat' dir='ltr'><strong>Nec</strong></span> <span class='ocrx_word' id='word_1_841' title='bbox 2668 5614 3023 5667; x_wconf 86' lang='lat' dir='ltr'><strong>omittendum</strong></span> <span class='ocrx_word' id='word_1_842' title='bbox 3043 5625 3121 5666; x_wconf 70' lang='lat' dir='ltr'><strong>est</strong></span> <span class='ocrx_word' id='word_1_843' title='bbox 3149 5613 3372 5668; x_wconf 80' lang='lat' dir='ltr'><strong>lleracle</strong></span> <span class='ocrx_word' id='word_1_844' title='bbox 3396 5635 3422 5667; x_wconf 71' lang='grc' dir='ltr'>ιτ</span> 
     </span>
    </p>
   </div>
   <div class='ocr_carea' id='block_1_125' title="bbox 1849 5684 3423 5755">
    <p class='ocr_par' dir='ltr' id='par_1_125' title="bbox 1849 5684 3423 5755">
     <span class='ocr_line' id='line_1_125' title="bbox 1849 5684 3423 5755; baseline 0.001 -19"><span class='ocrx_word' id='word_1_845' title='bbox 1849 5690 2316 5755; x_wconf 70' lang='lat' dir='ltr'><strong>archiepiscopum</strong></span> <span class='ocrx_word' id='word_1_846' title='bbox 2353 5702 2472 5736; x_wconf 76' lang='lat' dir='ltr'><strong>rum</strong></span> <span class='ocrx_word' id='word_1_847' title='bbox 2499 5684 2997 5738; x_wconf 71' lang='lat' dir='ltr'><strong>Lacclznmoniensi</strong></span> <span class='ocrx_word' id='word_1_848' title='bbox 3023 5685 3297 5738; x_wconf 72' lang='lat' dir='ltr'><strong>celebrare</strong></span> <span class='ocrx_word' id='word_1_849' title='bbox 3329 5701 3423 5738; x_wconf 79' lang='grc' dir='ltr'>ιιο-</span> 
     </span>
    </p>
   </div>
   <div class='ocr_carea' id='block_1_126' title="bbox 1849 5755 3418 5822">
    <p class='ocr_par' dir='ltr' id='par_1_126' title="bbox 1849 5755 3418 5822">
     <span class='ocr_line' id='line_1_126' title="bbox 1849 5755 3418 5822; baseline -0.004 -12"><span class='ocrx_word' id='word_1_850' title='bbox 1849 5757 2037 5820; x_wconf 71' lang='grc' dir='ltr'>Ιυίςδρ,</span> <span class='ocrx_word' id='word_1_851' title='bbox 2069 5774 2131 5810; x_wconf 87' lang='lat' dir='ltr'><strong>eo</strong></span> <span class='ocrx_word' id='word_1_852' title='bbox 2166 5757 2309 5822; x_wconf 85' lang='lat' dir='ltr'><strong>quod</strong></span> <span class='ocrx_word' id='word_1_853' title='bbox 2360 5755 2680 5821; x_wconf 72' lang='lat' dir='ltr'><strong>irregularis</strong></span> <span class='ocrx_word' id='word_1_854' title='bbox 2734 5756 2833 5821; x_wconf 80' lang='lat' dir='ltr'><strong>ipsi</strong></span> <span class='ocrx_word' id='word_1_855' title='bbox 2893 5755 3068 5806; x_wconf 77' lang='lat' dir='ltr'><strong>fartus</strong></span> <span class='ocrx_word' id='word_1_856' title='bbox 3104 5755 3377 5808; x_wconf 79' lang='lat' dir='ltr'><strong>\idcretnr</strong></span> <span class='ocrx_word' id='word_1_857' title='bbox 3405 5797 3418 5818; x_wconf 85' lang='lat'><strong>,</strong></span> 
     </span>
    </p>
   </div>
   <div class='ocr_carea' id='block_1_127' title="bbox 1847 5825 3419 5895">
    <p class='ocr_par' dir='ltr' id='par_1_127' title="bbox 1847 5825 3419 5895">
     <span class='ocr_line' id='line_1_127' title="bbox 1847 5825 3419 5895; baseline -0.001 -18"><span class='ocrx_word' id='word_1_858' title='bbox 1847 5828 1992 5894; x_wconf 89' lang='lat' dir='ltr'><strong>quod</strong></span> <span class='ocrx_word' id='word_1_859' title='bbox 2017 5830 2076 5878; x_wconf 84' lang='lat' dir='ltr'><strong>ad</strong></span> <span class='ocrx_word' id='word_1_860' title='bbox 2099 5829 2341 5881; x_wconf 83' lang='lat' dir='ltr'><strong>ordinem</strong></span> <span class='ocrx_word' id='word_1_861' title='bbox 2366 5827 2759 5880; x_wconf 85' lang='lat' dir='ltr'><strong>sacerdotalem</strong></span> <span class='ocrx_word' id='word_1_862' title='bbox 2788 5825 3071 5895; x_wconf 78' lang='lat' dir='ltr'><strong>quennlam</strong></span> <span class='ocrx_word' id='word_1_863' title='bbox 3093 5826 3419 5881; x_wconf 76' lang='lat' dir='ltr'><strong>lianticijan</strong></span> 
     </span>
    </p>
   </div>
   <div class='ocr_carea' id='block_1_128' title="bbox 1851 5900 2234 5963">
    <p class='ocr_par' dir='ltr' id='par_1_128' title="bbox 1851 5900 2234 5963">
     <span class='ocr_line' id='line_1_128' title="bbox 1851 5900 2234 5963; baseline 0.008 -14"><span class='ocrx_word' id='word_1_864' title='bbox 1851 5900 2234 5963; x_wconf 80' lang='lat' dir='ltr'><strong>promovisset.</strong></span> 
     </span>
    </p>
   </div>
  </div>
