4164 6454
242 410 379 479 1053

1396 427 1759 490 illS'l‘ORiA
1804 430 2242 493 BYZANTlNA.

3335 436 3469 507 ιοει

221 525 460 590 χαλάσας
492 526 557 577 τὰ
591 527 753 593 ίστία,
793 534 994 600 πέτραν
1023 535 1401 604 ἀκοντίσαντες
1449 545 1499 595 oi
1555 544 1649 595 τοῦ
1698 546 1766 597 κά

1901 547 2166 600 traxisset
2207 566 2219 601 :
2256 547 2306 599 in
2376 565 2567 602 navem
2629 553 2777 604 illum
2842 550 3060 617 ginbuin
3101 552 3335 617 ingentis
3362 571 3468 607 mo-

228 632 385 680 στρου
416 619 787 691 ὑπερμεγέθη,
821 623 916 691 τὴν
963 625 1095 678 ναῦν
1130 628 1401 700 διέρρηξε,
1444 636 1535 686 καὶ
1586 636 1787 687 εἰσδυο-

226 708 354 774 μὲνῃ
386 710 461 775 τῷ
495 710 642 777 βυθῷ
676 714 705 764 ὁ
738 714 1009 784 ναύαρχος
1041 720 1135 772 σὺν
1165 720 1369 777 λοιποῖς
1414 727 1703 791 τριάκοντα
1732 729 1787 778 ὲν

220 800 426 870 ἀκατίῳ
479 804 740 871 ἐμϐάντες
803 809 1023 875 ἐξῆλθον
1085 814 1142 864 ὲν
1194 814 1272 882 τῷ
1329 817 1576 884 αίγιαλῷ.
1627 819 1688 870 Οί
1732 819 1784 871 δὲ

221 895 447 963 Τοῦρκιιι
480 899 733 959 λαόόντες
763 906 974 976 αὐτοὺς,
1016 912 1110 960 καὶ
1144 910 1408 981 δήσαντες
1454 915 1551 977 τὰς
1599 920 1784 986 χεῖρας

221 989 462 1052 καὶτοὺς
502 997 803 1063 τραχήλους
841 1002 898 1051 ὲν
952 1001 1159 1067 ἁλύσει,
1220 1007 1554 1073 περάσαντες
1609 1009 1681 1072 ὡς
1728 1012 1784 1062 έν

224 1084 317 1147 μιᾷ
353 1087 526 1154 σειρᾷ,
566 1089 786 1151 τούτους
809 1090 946 1160 πρὸς
964 1095 1051 1146 τὸν
1085 1098 1324 1165 ἡγεμόνα
1353 1100 1637 1168 ἀπήγαγον
1666 1103 1781 1154 τότε

219 1173 274 1224 ὲν
306 1177 665 1250 Διδυμοτείχῳ
700 1184 971 1251 διάγοντα.
1023 1190 1338 1245 Ἐκέλευσεν
1381 1194 1473 1247 οῦν
1498 1196 1620 1257 τοὺς
1648 1196 1783 1247 πάν-

216 1279 310 1326 τας
336 1268 835 1342 άποκεφαλισθῆναι
872 1293 884 1306 ·
910 1279 1000 1330 τὸν
1027 1281 1081 1332 δὲ
1113 1282 1381 1349 ναύαρχον
1424 1285 1479 1334 ὲν
1518 1284 1594 1351 τῷ
1630 1286 1783 1354 πάλῳ

218 1354 304 1407 διὰ
336 1359 427 1410 τοῦ
455 1362 760 1431 άφεδρῶνος
788 1370 886 1435 τὴν
908 1372 1085 1439 ψυχὴν
1136 1374 1457 1443 ἀπορρίψαι,
1517 1378 1611 1428 καὶ
1656 1378 1783 1430 ἀτά-

220 1462 350 1511 φους
386 1450 621 1515 ἀφεῖναι,
650 1455 742 1517 οὓς
762 1460 855 1509 καὶ
879 1456 1017 1511 εἶδον
1044 1461 1173 1528 ἐγὼ,
1213 1463 1329 1530 μεθ’
1361 1466 1569 1534 ἡμέρας
1597 1466 1785 1533 ὀλίγας

215 1538 330 1589 ἐκεῖ
360 1542 679 1612 διαγομένου
716 1567 837 1617 μου.
886 1553 1087 1606 Ἐλθὼν
1139 1558 1193 1609 δὲ
1244 1559 1349 1611 ἀπὸ
1401 1560 1780 1628 Διδυμοτοίχου

214 1632 273 1680 ἐν
317 1632 748 1700 Ἀδριανουπόλει
773 1644 847 1711 τῷ
905 1646 1216 1717 Ἰανουαρίῳ
1276 1653 1424 1719 μηνὶ,
1457 1658 1570 1705 -καὶ
1606 1654 1781 1704 πᾶσαν

216 1730 506 1779 σκευασίαν
537 1733 839 1803 πολεμικὴν
870 1738 1185 1805 ἑτοιμάσας,
1215 1742 1311 1807 τὴν
1362 1746 1591 1810 χωνείαν
1649 1744 1713 1811 ἢν
1754 1744 1781 1795 ὁ

210 1814 458 1886 τεχνίτης
502 1821 708 1886 ἐκείνος
758 1829 1176 1895 κατεσκεύασεν,
1227 1832 1499 1903 ἠϐουλήθη
1555 1834 1779 1903 δοκιμά-

1891 641 1955 692 lis
2016 640 2292 711 lapideum
2360 642 2685 710 pra‘sidiarii
2740 646 3082 698 emiserunt:
3118 644 3279 712 cujus
3354 645 3463 697 ictu

1888 743 2147 797 quassata
2213 749 2276 786 ac
2327 734 2500 787 fracta
2553 740 2603 787 in
2664 734 2991 802 profundum
3048 739 3297 790 demersa
3359 748 3465 789 cst.

1887 821 2211 878 Navarclius
2255 835 2307 878 et
2354 829 2576 896 triginta
2642 829 2732 881 alii
2801 829 2981 882 :icatio
3045 846 3350 885 conscenso
3410 831 3461 883 iu

1889 917 2038 972 littus
2094 919 2336 972 evadunt
2382 938 2393 971 :
2433 937 2574 989 ιιιιοε
2628 925 3063 989 comprehensos
3114 921 3275 977 Turci
3338 940 3453 977 mu-

1885 1013 2047 1066 nibus
2081 1023 2130 1066 et
2165 1015 2307 1067 collo
2368 1015 2583 1069 catenis
2652 1017 2870 1083 injectis
2926 1018 3173 1071 vinciunt
3209 1033 3222 1080 ;
3252 1027 3305 1070 et
3356 1034 3462 1069 una

1886 1114 2079 1159 catena
2131 1121 2325 1161 omnes
2387 1109 2603 1163 vinctos
2657 1108 3107 1178 Didymotielmm
3155 1110 3218 1162 ad
3257 1112 3464 1179 princi-

1886 1210 2029 1262 pem,
2070 1197 2161 1263 qui
2205 1208 2314 1249 lum
2372 1199 2443 1252 ibi
2482 1202 2822 1263 morabatur,
2887 1203 3120 1257 ducunt.
3165 1201 3260 1254 His
3289 1202 3474 1253 (lliilti-'

1883 1285 1987 1340 bus
2040 1296 2202 1353 caput
2234 1292 2530 1355 amputari,
2561 1294 2894 1345 navarclium
2938 1294 3130 1347 adacto
3180 1309 3462 1362 peranum

1885 1377 2008 1445 palo
2050 1381 2255 1443 necari,
2327 1382 2719 1451 insepultaque
2781 1401 2970 1439 eorum
3031 1388 3298 1439 cadavera
3328 1400 3461 1452 pro-

1880 1470 1974 1537 jici
2020 1471 2200 1537 iussit,
2253 1490 2373 1541 qua:
2425 1492 2631 1543 paucos
2684 1487 2807 1544 post
2847 1477 2993 1541 dies,
3046 1479 3154 1531 illis
3210 1479 3261 1531 in
3321 1477 3459 1531 locis

1885 1570 2014 1615 tunc
2074 1578 2266 1632 agens,
2328 1565 2458 1629 vidi,
2528 1568 2916 1637 Didymoticbo
2979 1579 3271 1638 postquam
3326 1570 3464 1621 abiit

1882 1654 2292 1724 Adrianopolim
2352 1656 2618 1711 Januario
2682 1662 2925 1721 labente,
2991 1663 3288 1729 omniaque
3339 1660 3462 1714 bel-

1882 1745 1985 1800 lica
2047 1749 2416 1802 instrumenta
2475 1753 2808 1817 apparavit;
2843 1765 3175 1808 tormentum
3237 1768 3453 1807 :rneum

1881 1837 1949 1889 ab
2011 1836 2103 1887 illo
2168 1837 2381 1891 artiﬁce
2433 1838 2616 1892 fusum
2680 1842 2915 1908 probare
2967 1852 3021 1895 et
3071 1844 3309 1911 experiri
3358 1858 3461 1894 vo-

212 1921 321 1959 σαι.
358 1910 468 1962 Καὶ
488 1913 549 1978 δὴ
577 1918 931 1985 παραστήσας
980 1922 1149 1989 αὐτὴν
1187 1926 1517 1992 τεχνηέντως
1574 1924 1767 1992 ἐμπρο-

1883 1926 2006 1979 luit.
2076 1926 2214 1979 Illud
2282 1944 2414 1997 ergo
2462 1932 2755 1994 machinis,
2815 1944 2940 1985 ante
2997 1943 3209 1999 portam
3288 1932 3463 1998 majo-

210 1996 334 2051 σθεν
359 2003 453 2069 τῆς
481 2006 723 2076 μεγάλης
763 2011 935 2079 πύλης
968 2014 1065 2081 τῆς
1110 2015 1279 2079 αὐλῆς
1329 2016 1439 2067 τῶν
1480 2017 1775 2084 παλατίων,

203 2091 311 2143 τῶν
340 2096 467 2163 παρ’
495 2098 657 2149 αὑτοῦ
692 2101 749 2151 τὸ
775 2102 891 2165 ἔτος
922 2106 1095 2157 ἐκεῖνο
1122 2107 1449 2160 κτισθέντων
1477 2125 1492 2139 ·
1542 2110 1641 2161 καὶ
1676 2113 1775 2178 τὴν

209 2184 413 2251 πέτραν
452 2189 628 2250 καλῶς
662 2191 854 2255 ἐνθεὶς,
890 2196 981 2247 καὶ
1011 2198 1109 2264 τὴν
1155 2197 1382 2268 βοτάνην
1434 2200 1773 2269 σταθμήσας,

206 2277 305 2345 τὴν
336 2281 523 2343 αὔριον
547 2283 768 2346 ἔμελλεν
791 2287 1074 2340 ἀπολύσων
1121 2290 1314 2359 αὐτὴν,
1357 2292 1453 2342 xui.
1514 2293 1571 2343 ὲν
1627 2294 1775 2364 πάσῃ

203 2372 270 2438 τῇ
325 2371 755 2439 Ἀδριανουπόλει
786 2379 1016 2447 φανερὸν
1059 2378 1297 2446 ἐγένετο,
1327 2380 1420 2434 τοῦ
1478 2382 1618 2434 κατὰ
1652 2382 1775 2435 νοῦν

207 2460 352 2530 ἔχειν
380 2466 476 2530 τὴν
501 2466 628 2533 βοὴν
660 2471 751 2521 καὶ
786 2470 874 2522 τὸν
928 2471 1133 2524 κτύπον
1181 2476 1271 2527 τὸν
1327 2474 1769 2544 ούρανόὸροντον,

204 2552 293 2606 ἵνα
325 2557 398 2622 μὴ
429 2558 683 2627 ἐξαίφνης
712 2561 1090 2625 ἐνωτισθέντες
1116 2564 1261 2626 τινὲς
1290 2567 1497 2631 ἄφωνοι
1524 2566 1770 2635 μείνωσι,

202 2647 300 2698 καὶ
321 2652 569 2713 γυναῖκες
594 2652 651 2699 ὲν
699 2655 898 2720 γαστρὶ
950 2654 1169 2721 ἔχουσαι
1214 2655 1280 2707 τὰ
1317 2655 1529 2725 ἔμϐρυα
1574 2656 1773 2711 ἀπολέ-

207 2754 362 2790 σωσι.
397 2740 545 2807 Πρωῒ
578 2740 669 2792 οὖν
700 2742 874 2809 βαλὼν
909 2745 1020 2813 πῦρ
1060 2747 1115 2797 ὲν
1146 2748 1209 2814 τῇ
1250 2744 1465 2817 βοτάνῃ,
1520 2748 1614 2799 καὶ
1663 2748 1771 2800 δια-

204 2827 601 2898 θερμανθὲντος
653 2834 743 2886 τοῦ
793 2837 1121 2906 πνεύματος,
1179 2841 1274 2892 καὶ
1326 2842 1769 2911 ὲκκρουσαμένης

199 2925 302 2991 τῆς
352 2927 575 2993 πέτρας,
628 2928 871 2997 ἀπελύθη
930 2932 1028 2999 τῆς
1063 2935 1286 2999 χωνείας
1312 2938 1406 2987 σὺν
1454 2935 1571 3003 ἦχῳ
1616 2936 1770 3004 βαρεί

203 3016 487 3085 ὰεροὸάτῳ
520 3019 813 3088 πληροῦντι
845 3023 935 3075 τὸν
977 3025 1113 3092 ἀέρα
1148 3024 1359 3077 καπνοῦ
1390 3027 1482 3078 καὶ¹
1513 3028 1764 3096 ὁμίχλης.

213 3105 279 3158 Ἦ
309 3106 362 3159 δὲ
390 3108 481 3177 βοὴ
512 3110 740 3175 ἀφίκετο
769 3112 927 3182 μέχρι
966 3114 1198 3167 σταδίων
1228 3111 1271 3186 ρ’
1292 3116 1351 3168 τὸ
1389 3117 1559 3186 μῆκος
1586 3135 1600 3150 ⁶
1649 3123 1677 3172 ό
1711 3120 1768 3173 δὲ

195 3198 343 3262 λίθος
374 3201 535 3254 ἔπεσε
572 3205 845 3271 μακρόθεν
877 3205 973 3257 τοῦ
1002 3207 1292 3273 ἀφεθέντος
1344 3210 1513 3264 τόπου
1544 3212 1618 3274 ὼς
1680 3212 1767 3280 μί-

194 3292 308 3345 λιον
333 3292 411 3347 ἓν.
452 3294 537 3345 Ἐν
561 3294 617 3345 δὲ
646 3296 797 3364 τόπῳ
821 3297 899 3365 τῷ
930 3299 1150 3353 πεσόντι
1186 3303 1398 3366 ἐγένενο
1433 3302 1619 3372 βόθρος
1645 3304 1767 3355 ὅσον

193 3384 423 3453 ὀργυιᾶς
456 3387 600 3454 μιᾶς.
643 3388 894 3459 Τοσαύτη
931 3392 1076 3443 ἐστὶν
1107 3394 1139 3461 ἠ
1185 3394 1410 3461 δύναμις
1440 3395 1539 3460 τῆς
1570 3396 1767 3464 ἀναμι-

194 3479 297 3547 γῆς
330 3479 435 3531 τῶν
470 3480 528 3549 βο
542 3483 706 3534 τάνων
738 3486 837 3551 τῆς
868 3484 1258 3554 ἀκοντιζούσης
1287 3485 1378 3537 τὸν
1403 3486 1568 3539 λίθον.

269 3664 449 3732 Ἔχων
472 3659 564 3717 οὖν
590 3665 811 3733 ἡγεμὼν
854 3667 945 3716 καὶ
979 3668 1036 3717 ἐν
1076 3667 1230 3717 νυκτὶ
1289 3668 1382 3719 καὶ
1432 3668 1614 3737 ἡμέρᾳ
1668 3667 1764 3736 τὴν

190 3755 374 3807 πᾶσαν
398 3754 678 3821 φροντίδα,
722 3755 816 3805 καὶ
851 3753 1119 3821 μέριμναν
1146 3753 1470 3820 κοιτώμενος
1502 3757 1596 3807 καὶ
1645 3758 1762 3808 ἁνι-

193 3852 481 3918 στάμινος,
537 3851 631 3901 καὶ
678 3848 828 3910 ἐντὸς
878 3848 979 3914 τῆς
1034 3845 1204 3915 αὐλῆς
1248 3847 1417 3903 ,αὑτοῦ
1467 3850 1561 3900 καὶ
1582 3849 1759 3909 ἐκτὸς,

194 3943 336 4011 ποίῳ
364 3941 605 4007 πολέμῳ,
632 3942 726 3993 καὶ
772 3940 898 4007 ποίᾳ
933 3941 1148 4008 μηχανῇ
1192 3938 1409 4003 καθέξει
1463 3940 1561 4006 τὴν
1613 3941 1765 3993 Ktov-

194 4032 677 4087 σταντινούπολιν·
740 4032 1000 4093 πολλάκις
1049 4030 1285 4099 ἑσπέρας
1311 4033 1610 4099 γενομένης
1666 4033 1762 4085 σὺν

187 4129 331 4190 δυσὶ,
358 4128 451 4178 καὶ
484 4127 663 4194 μόνοις
699 4125 970 4204 ἱππεύων,
1017 4127 1072 4176 ὲν
1113 4125 1290 4186 ἄλλοις
1330 4126 1492 4188 πεζὸς
1550 4127 1771 4179 ἃπασαν

182 4221 288 4289 τὴν
330 4217 606 4285 Ἀδριανοῦ
638 4219 695 4268 ὲν
732 4217 971 4285 σχήματι
1006 4215 1334 4285 στρατιώτου
1365 4216 1759 4285 μετερχόμενος

182 4308 404 4364 ἀκούων
457 4308 524 4358 τὰ
574 4306 842 4374 λεγόμενα
894 4308 1024 4373 περὶ
1074 4306 1259 4361 αὑτοῦ.
1334 4306 1456 4359 Ἐὰν
1490 4307 1597 4375 γὰρ
1650 4308 1758 4360 τῶν

179 4401 395 4455 πολλῶν
426 4417 506 4461 τις
538 4397 833 4450 κατέλαϐεν
858 4400 913 4449 ὲν
945 4398 1019 4462 νῷ
1051 4398 1133 4449 ὅτι
1186 4398 1410 4467 ἡγεμών
1475 4401 1614 4461 ἐστι,
1660 4400 1756 4453 καὶ

182 4491 467 4564 ἠϐουλήθη
505 4488 948 4559 προσαγορεῦσαι
997 4488 1161 4541 αὑτὸν
1190 4489 1285 4541 σὺν
1318 4490 1564 4559 εὐφημία
1616 4491 1754 4544 κατὰ

1886 2032 1999 2071 rem
2062 2020 2314 2073 vestibuli
2358 2020 2579 2087 aedium,
2635 2040 2772 2091 quas
2832 2025 2934 2078 boc
2973 2025 3089 2093 ipso
3124 2040 3267 2077 anno
3309 2024 3462 2091 prin-

1884 2126 2015 2180 ceps
2078 2121 2453 2174 exstruxerat,
2518 2117 2584 2167 ab
2654 2118 2869 2169 artiﬁce
2924 2117 3265 2171 adducitur:
3318 2115 3458 2183 lapis

1881 2204 1952 2268 ei,
2018 2205 2375 2274 pulverisque
2467 2208 2682 2277 pondus
2748 2224 3076 2278 perpensum
3132 2210 3458 2263 immittun-

1883 2305 1971 2348 tur
2005 2312 2019 2361 ;
2057 2297 2437 2365 postridieque
2492 2298 2669 2368 ignem
2703 2301 3061 2368 injiciendum
3093 2315 3216 2354 esse
3261 2301 3457 2354 Adria-

1878 2389 2208 2456 nopolitanis
2226 2393 2480 2446 omnibus
2510 2394 2855 2460 significatur
2878 2411 2891 2457 ;
2912 2404 2971 2445 ut
3029 2401 3270 2462 quantus
3298 2394 3446 2446 futti-

1879 2496 1971 2535 rus
1997 2495 2112 2535 erat
2146 2484 2328 2550 fragor
2355 2500 2420 2539 ac
2445 2486 2714 2553 strepitus
2747 2488 2956 2539 tonitru
2986 2488 3207 2547 similis.
3233 2487 3450 2552 moniti,

1878 2574 2063 2629 nullus
2118 2592 2183 2629 eo
2232 2575 2444 2637 audito,
2502 2593 2703 2644 pavore
2733 2593 2799 2630 ex
2865 2578 3164 2645 improviso
3226 2581 3450 2645 percul-

1877 2680 1995 2729 sus,
2059 2666 2217 2736 140
2272 2677 2459 2720 mutus
2494 2667 2646 2720 ﬁeret
2675 2684 2687 2731 ;
2718 2677 2776 2720 ut
2810 2669 2979 2721 etiam
3020 2668 3279 2721 mulieres
3311 2682 3450 2733 ιιι-ει)-

1876 2768 2107 2827 gnantes
2143 2772 2356 2827 partum
2402 2760 2599 2813 abortu
2648 2775 2754 2811 non
2798 2760 3121 2828 abjicercnt.
3186 2758 3342 2812 Mane
3364 2773 3454 2812 er-

1874 2867 1940 2918 go
2006 2866 2243 2905 accenso
2295 2852 2541 2919 pulvere,
2601 2860 2654 2903 et
2693 2852 2834 2902 intra
2887 2849 3241 2903 bombardam
3298 2850 3449 2902 cale-

1875 2943 2023 2995 facto
2086 2943 2305 3008 spiritu,
2356 2943 2491 3011 lapis
2551 2943 2825 2995 horrendo
2868 2958 2992 2995 cum
3054 2958 3193 2996 sono
3234 2943 3444 2995 emitti-

1874 3042 1963 3085 tur
2001 3046 2015 3083 :
2053 3044 2310 3100 totusque
2371 3049 2465 3086 aer
2515 3036 2664 3086 tumo
2712 3043 2769 3086 et
2828 3033 3065 3100 caligine
3117 3034 3444 3101 completur.

1872 3124 1949 3177 Ad
2016 3126 2378 3177 centesimum
2435 3138 2602 3190 porro
2651 3123 2894 3175 stadium
2930 3122 3120 3190 fragor
3162 3137 3445 3190 sonusque

1872 3223 2240 3286 pervenerunt
2272 3232 2283 3267 :
2313 3214 2564 3282 lapisque
2618 3214 2683 3266 ad
2731 3213 2972 3266 milliare
3023 3228 3197 3281 usque
3249 3229 3444 3277 unum,

1874 3324 1902 3361 a
1947 3310 2063 3361 loco
2102 3306 2245 3360 unde
2305 3307 2546 3361 emissus
2609 3306 2730 3369 fuit,
2793 3307 2938 3360 latus
2994 3317 3098 3360 est.
3166 3307 3264 3361 Ubi
3327 3319 3447 3360 tan-

1870 3404 1989 3457 dem
2027 3402 2247 3465 cecidit,
2291 3401 2358 3455 ad
2394 3403 2599 3472 orgyia:
2660 3404 2826 3455 unius
2883 3402 3227 3457 altitudinem
3258 3403 3445 3455 inter-

1868 3507 1983 3545 ram
2045 3492 2568 3560 penetravitztanta
2654 3493 2731 3547 vis
2776 3504 2861 3545 est
2935 3492 3103 3560 hujus
3173 3493 3440 3560 pulveris,

1866 3598 1977 3652 quo
2015 3583 2222 3651 lapides
2291 3585 2640 3637 emittuntur.

1940 3672 2037 3728 His
2109 3674 2356 3727 intentus
2424 3676 2681 3743 princeps
2745 3684 2909 3729 noctu
2951 3686 3005 3729 et
3063 3676 3325 3738 interdiu,
3385 3676 3438 3729 in

1868 3766 2008 3821 lecto
2054 3767 2267 3834 jacens,
2293 3778 2343 3821 et
2378 3782 2665 3836 postquam
2735 3779 3055 3823 surrexerat
3112 3773 3164 3823 in
3237 3771 3441 3839 palatio

1868 3859 2090 3921 sedens,
2142 3860 2223 3913 vel
2289 3860 2441 3914 foras
2495 3863 2760 3915 incedens
2795 3866 2998 3920 anxius
3055 3879 3117 3918 ac
3171 3867 3441 3920 sollicitus

1865 3953 2049 4004 animo
2144 3955 2419 4019 versabat,
2473 3958 2750 4024 quomodo
2806 3961 3231 4026 Oppugnandam
3292 3959 3439 4013 COn-

1864 4046 2279 4110 stantiimpolim
2344 4049 2763 4115 aggrederetur,
2836 4065 3060 4119 quaque
3140 4062 3259 4104 arte
3314 4068 3433 4106 eam

1862 4148 2221 4204 expugnaret.
2280 4138 2627 4193 Adventante
2700 4156 2929 4209 vespera
2977 4143 3193 4197 dubbus
3245 4144 3435 4198 ascitis

1863 4228 2155 4281 comitibus
2210 4230 2349 4283 alias
2394 4245 2536 4296 equo
2605 4242 2822 4289 vectus.
2878 4233 3013 4286 alias
3073 4234 3237 4301 pedes
3294 4238 3438 4288 ince-

1860 4320 2015 4379 dens.
2082 4335 2179 4387 per
2230 4330 2397 4374 totam
2467 4322 2884 4392 Adrianopolim
2969 4327 3156 4379 habitu
3211 4328 3436 4381 militari

1862 4412 2101 4479 simplici
2159 4428 2303 4479 saepe
2364 4415 2704 4481 ambulabat,
2764 4419 2858 4485 qui
2934 4418 3094 4487 vulgo
3153 4436 3436 4474 sermones

1862 4504 1929 4557 de
1982 4520 2041 4557 se
2072 4503 2452 4572 jactabantur,
2517 4510 2931 4577 exploraturus.
2988 4509 3044 4565 Si
3101 4513 3228 4579 quis
3270 4528 3436 4581 porro

181 4587 248 4638 τδ
282 4584 529 4652 σύνηθες,
559 4583 655 4633 καὶ
684 4582 845 4642 αὐτὸς
874 4579 1120 4647 αῠθωρον
1158 4580 1381 4650 καιρίαν
1434 4580 1602 4632 ἐδίδου
1656 4581 1754 4649 τὴν

1871 4592 2104 4661 plebeius
2172 4598 2417 4665 agnitum
2465 4600 2772 4666 principem
2814 4602 3088 4664 salutare,
3138 4579 3433 4672 faustaque

185 4677 404 4744 πληγὴν
429 4677 503 4743 μὴ
532 4674 867 4741 φειδόμενος,
899 4673 973 4740 μὴ
1010 4672 1172 4723 ἐλεῶν
1198 4687 1211 4702 ⁸
1268 4671 1383 4723 ἀλλ’
1437 4671 1625 4740 ὥσπερ
1675 4689 1760 4735 τις

178 4768 394 4840 ψύλλαν
446 4766 750 4832 συντρίϐων
789 4764 1105 4818 αἰσθάνεταί
1149 4782 1295 4827 τινος
1348 4764 1562 4834 ἡδονῆς,
1616 4764 1759 4817 οὕτω

183 4861 285 4913 καὶ
314 4854 466 4919 οὗτος
494 4858 668 4923 οἰκεία
694 4857 837 4925 χειρὶ
879 4857 1137 4922 φονεύων,
1162 4857 1189 4908 ὁ
1219 4855 1381 4922 φόνου
1410 4857 1578 4922 άξιος,
1610 4856 1759 4924 ὲδρο-

180 4949 368 5013 σίζετο
392 4964 405 4978 ⁸
444 4947 541 5015 μιᾷ
590 4944 681 4997 οῦν
712 4945 821 4996 τῶν
852 4944 1059 4997 νυκτῶν
1114 4948 1240 5014 περὶ
1290 4947 1550 5017 δευτέραν
1591 4947 1757 5015 φυλα-

175 5041 285 5110 κὴν
322 5039 533 5101 στείλας
564 5038 672 5090 τῶν
703 5036 801 5103 τῆς
832 5037 1003 5106 αὐλῆς
1028 5036 1287 5105 φυλάκων
1336 5040 1490 5103 τινας
1540 5041 1753 5110 ἤγαγον

174 5135 275 5186 τὸν
307 5132 476 5185 Χαλὶλ
511 5131 719 5184 Πασίαν
756 5146 770 5159 ·
806 5129 1052 5191 ἐλθόντες
1078 5131 1159 5194 δὲ,
1198 5134 1291 5183 καὶ
1317 5134 1427 5194 τοῖς
1448 5132 1635 5185 τούτου
1661 5134 1751 5185 εύ-

174 5217 393 5285 νούχοις
423 5218 663 5280 εἰπόντες
712 5217 774 5269 τὸ
808 5219 1058 5286 μήνυμα,
1108 5219 1263 5271 αὐτοὶ
1313 5222 1370 5271 ὲν
1404 5221 1480 5290 τῷ
1534 5222 1751 5276 κοιτῶνι

174 5308 513 5368 εἰσελθόντες
544 5308 901 5376 ἀπήγγειλαν,
949 5307 1067 5370 πῶς
1098 5309 1126 5359 δ
1177 5310 1398 5378 ἡγεμὼν
1446 5311 1599 5363 καλεῖ
1654 5312 1751 5365 αύ-

170 5399 273 5449 τὸν
310 5398 511 5459 ἀὐτὸς
561 5398 617 5450 δὲ
669 5400 967 5467 σύντρομος
1022 5400 1307 5469 γενόμενος
1366 5402 1751 5473 ἀπαγορεύσας

173 5490 400 5551 ἑαυτὸν,
432 5491 526 5541 καὶ
556 5490 655 5558 τὴν
681 5494 918 5556 γυναῖκα
944 5493 1036 5543 καὶ
1063 5493 1227 5545 τέκνα
1258 5496 1753 5562 κατασπασάμενος

175 5582 375 5653 ἀπῄει,
400 5584 580 5652 φέρων
616 5583 735 5652 μεθ’
772 5583 936 5637 αὑτοῦ
963 5584 1143 5637 δίσκον
1175 5585 1271 5637 ὲνὰ
1304 5587 1538 5655 χρυσοῦν
1569 5589 1750 5659 πλήρη

1860 4689 2095 4754 precari,
2151 4698 2210 4741 ut
2266 4707 2385 4746 mos
2421 4702 2527 4756 est,
2592 4694 2857 4748 voluisset.
2896 4714 2909 4748 :
2944 4695 3033 4749 ille
3077 4696 3288 4751 nullius
3334 4698 3435 4759 mi-

1859 4788 2041 4833 sertus
2097 4780 2303 4835 letliale
2353 4783 2554 4838 vulnus
2612 4785 2803 4839 statim
2872 4786 3207 4856 indigebat:
3255 4797 3309 4843 et
3372 4797 3434 4842 ut

1857 4870 2037 4937 quivis
2121 4873 2362 4940 puliCem
2445 4881 2784 4931 conterendo
2840 4878 3176 4947 voluptatem
3228 4883 3426 4950 carpit,

1857 4962 1936 5017 sic
1994 4966 2120 5028 iste,
2186 4977 2362 5021 morte
2412 4969 2615 5038 dignus
2660 4973 2937 5041 equidem,
2973 4988 3071 5027 sua
3138 4989 3303 5029 manu
3345 4976 3431 5029 in-

1857 5057 2187 5112 terﬁciendo
2260 5060 2661 5116 delectabatur.
2731 5063 2905 5118 Nocte
2958 5065 3215 5134 quadam,
3283 5068 3426 5122 circa

1852 5152 2151 5205 secundam
2218 5154 2547 5217 custodiam,
2608 5157 2819 5226 aliquot
2872 5159 3009 5213 aula:
3092 5176 3205 5215 sua:
3265 5162 3429 5215 satel-

1853 5242 1999 5306 lites,
2066 5245 2161 5310 qui
2230 5244 2450 5299 Balil‘uu
2490 5248 2720 5303 Bassam
2752 5251 2817 5303 ad
2874 5267 2933 5305 se
2981 5253 3269 5315 ducerent,
3302 5255 3430 5305 mit-

1852 5329 1937 5381 tit.
2013 5329 2076 5384 Hi
2137 5332 2360 5386 domum
2434 5336 2580 5389 illius
2676 5339 2951 5403 veniunt,
3032 5351 3085 5394 et
3150 5341 3425 5395 eunuchis

1850 5422 2109 5474 mandata
2159 5426 2429 5494 principis
2452 5441 2758 5491 exponunt,
2810 5429 2903 5496 qui
2955 5432 3271 5485 cubiculum
3306 5433 3421 5487 beri

1852 5512 1936 5564 Sui
1988 5513 2227 5584 ingressi
2261 5519 2561 5586 principem
2604 5537 2725 5573 eum
2760 5524 2824 5575 ad
2858 5539 2919 5577 se
2960 5540 3250 5580 accersere
3284 5543 3422 5579 nun-

1850 5600 2012 5657 tiant.
2080 5605 2385 5674 Trepidans
2423 5614 2629 5681 itaque,
2686 5615 3199 5687 conclumatamque
3276 5619 3423 5671 salu-

1407 5706 1695 5767 Ismaelis
1730 5712 2026 5780 Bullialdi
2071 5731 2251 5784 nota).

166 5801 1009 5906 Constantinopolinirincolumis
1070 5800 1275 5877 reverti,
1311 5810 1362 5862 in
1409 5812 1529 5864 navi
1566 5816 1743 5881 optimi
1784 5820 1881 5873 viri
1906 5824 2125 5881 Antonii
2163 5828 2340 5895 RiIz;i,
2377 5833 2469 5898 qui
2497 5847 2675 5901 pos,“
2706 5849 2917 5904 won,”
2979 5837 3175 5892 CIMW-
3257 5838 3421 5906 ﬁdem

167 5879 491 5942 martyrium
525 5880 761 5944 pertulit.
