4164 6454
289 399 423 464 I077

1448 403 1812 467 HISTORIA
1847 398 2290 466 ΒΥΖᾹΝΤΙΝΛ.

3385 403 3518 469 10⁵18

289 517 457 584 μὲνης
497 513 737 584 Ὢραίας,
770 514 848 578 είς
904 515 963 569 τὶ
1007 515 1100 570 τοῦ
1131 517 1364 586 ,Γαλατᾶ
1416 524 1598 592 μέρος.
1651 522 1744 573 καὶ
1794 520 1847 572 αἱ

1964 531 2196 591 tempore
2233 526 2545 580 Mebemctis
2570 527 2803 594 navigia,
2831 526 3030 588 acatia,
3072 524 3322 581 biremes.
3352 529 3520 580 ettri-

286 606 412 671 νῆες
437 605 654 657 ἵσταντο
678 605 826 657 ἔνδον
857 595 1168 676 ὃρμαθηδὸν
1219 610 1583 680 προσέχοντες
1636 610 1727 662 τον
1771 610 1848 660 λι-

291 699 429 761 μένα
474 698 562 749 καὶ
593 697 690 770 τὴν
749 700 961 752 ἅλυσιν.
1012 702 1078 752 Αἱ
1118 702 1174 754 δὲ
1228 703 1373 771 νῆες,
1431 702 1493 764 ἃς
1542 703 1850 772 εἰρήκαμεν

287 790 450 842 πέντε
480 790 620 854 (65‘.
675 791 771 860 μία
820 793 853 860 ἡ
887 793 978 847 τοῦ
1036 793 1298 863 βασιλέως
1352 796 1596 863 φέρουσα
1651 795 1850 864 φόρτον

288 883 380 934 τδν
410 885 472 936 ἐκ
511 886 923 957 Πελοποννήσου
975 889 1142 952 σῖτον,
1186 890 1242 942 al
1288 889 1341 940 δέ
1375 889 1532 942 ἄλλαι
1581 889 1851 958 τέσσαρες

288 974 351 1025 ἐκ
383 975 609 1038 Γενούεις
633 980 978 1049 ρογευθεῖσαι
1010 984 1162 1048 παρά
1187 980 1280 1032 τοῦ
1309 980 1596 1049 βασιλέως,
1629 981 1850 1032 ἵσταντο

292 1062 476 1134 μὲνέν
509 1070 625 1137 Χίῳ
668 1071 827 1140 μέχρι
873 1073 1120 1139 Μαρτίου
1179 1074 1343 1141 μηνὸς
1404 1074 1524 1125 ὅλου
1568 1074 1656 1126 διά
1703 1091 1849 1138 τιναιδ

293 1163 476 1214 αὐτῶν
500 1166 708 1233 χρείας.
739 1167 1093 1230 Εἰσελθόντος
1128 1165 1226 1222 οὖν
1256 1168 1560 1238 ’Λπριλίου.
1587 1173 1679 1223 καὶ
1729 1171 1852 1240 βου-

289 1251 532 1318 λομένων
583 1251 710 1324 ἆραι
741 1259 837 1318 τὰς
884 1259 1154 1326 ἀγκύρας,
1187 1262 1214 1312 ό
1247 1259 1440 1327 βορέας
1500 1262 1698 1314 αὐτοὺς
1735 1263 1853 1312 ἐνε-

289 1342 495 1406 πόδζε.
518 1341 695 1397 ἾΙσαν
722 1344 816 1398 οὖν
837 1350 883 1398 οἱ
910 1350 1120 1400 πἰλῖται
1145 1354 1197 1400 ἐν
1221 1351 1424 1421 Δἀθυμίᾳ,
1449 1353 1639 1420 πολλῇ·
1669 1353 1847 1403 ὡσαύ-

291 1450 401 1495 τως
449 1435 542 1487 καὶ
600 1437 657 1489 αί
706 1439 853 1504 νῆες.
914 1439 1020 1491 Τοὗ
1076 1440 1265 1510 βτρέου
1307 1441 1402 1494 οὖν
1465 1443 1853 1512 καταπρανοῦς

293 1525 578 1588 πεσόντος,
621 1528 718 1580 καὶ
747 1529 904 1585 νότου
937 1531 1203 1599 ἄρξαντος
1251 1535 1427 1600 πνεῖν,
1477 1533 1702 1601 ἐξῆλθον
1756 1534 1852 1602 τῆς

293 1615 428 1666 Χίου
462 1616 679 1686 λιμένος
701 1637 714 1651 ·
758 1621 851 1673 καὶ
884 1625 1006 1674 κατ’
1039 1625 1224 1692 ὀλίγον
1262 1625 1518 1687 πνέοντος
1558 1630 1623 1696 τῇ
1663 1626 1851 1698 πρώτῃ

294 1708 504 1777 ἡμέρᾳ,
538 1712 603 1779 τῇ
630 1711 883 1790 ’δευτέρῃ
912 1716 1291 1783 ἐκραταιοῦτο,
1334 1719 1430 1769 καὶ
1486 1718 1678 1787 βιαίως
1731 1721 1856 1787 ἐφέ-

296 1815 452 1864 ροντο
479 1800 572 1852 ὑπ’
596 1804 759 1854 αὐτοῦ
798 1807 852 1856 αἱ
892 1806 1039 1873 νῆες.
1085 1806 1335 1860 Ἷσταντο
1367 1805 1460 1861 οὖν
1520 1812 1570 1862 oi
1600 1811 1700 1880 τῆς
1757 1812 1853 1864 πό-

294 1888 448 1968 λεως.
475 1891 821 1962 ἐκδεχόμενοι
853 1897 952 1963 τὴν
987 1899 1161 1966 καλὴν
1188 1901 1396 1971 ταύτην
1431 1895 1761 1973 ἆπανδοχὴν,
1809 1905 1856 1956 εἰ

293 1983 390 2034 καὶ
420 1985 586 2051 μηδὲν
623 1984 864 2056 ὤνησαν.
894 1989 1176 2040 Φανέντων
1207 1991 1301 2043 οὖν
1335 1993 1445 2044 τῶν
1480 1993 1647 2062 νηῶν,
1697 1996 1859 2058 εὐθὺς

294 2075 324 2125 ὁ
375 2075 639 2144 τύραννος
672 2078 750 2141 ὡς
795 2080 986 2148 ἄγριος
1034 2080 1250 2149 δράκων
1309 2082 1539 2153 ὥρμησε
1581 2085 1718 2138 κατά
1752 2087 1860 2138 τῶν

298 2166 468 2218 αὑτοῦ
526 2172 798 2236 τριήρεων
836 2173 932 2223 καὶ
995 2171 1102 2222 τῶν
1154 2173 1356 2225 λοιπῶν
1403 2177 1625 2239 πλοίων,
1685 2177 1862 2243 λέγων

297 2260 391 2310 καὶ
428 2263 784 2328 προστάσσων
817 2264 1024 2327 αὐτοῖς,
1058 2265 1142 2316 ὅτι
1189 2269 1250 2317 ἐκ
1291 2268 1400 2319 τῶν
1434 2268 1525 2318 δύο
1574 2270 1863 2337 ’πρόκειται

292 2349 555 2417 γενέσθαι
583 2352 643 2404 τὸ
690 2352 769 2417 ἒν,
807 2354 838 2424 ἢ
878 2356 974 2415 τὰς
1006 2357 1144 2420 νῆας
1189 2357 1395 2418 λαϐεῖν,
1431 2359 1462 2426 ἦ
1493 2359 1734 2414 κωλῦσαι
1767 2361 1862 2412 τοῦ

302 2444 379 2511 μὴ
410 2443 674 2496 εἰσελθεῖν
699 2447 760 2497 ἐν
791 2445 867 2514 τῷ
891 2446 1095 2514 λιμένι.
1125 2447 1256 2502 Τότε
1291 2449 1596 2513 ἐξελθόντες
1616 2455 1681 2503 τὰ
1704 2452 1862 2504 πλοῖα

298 2534 515 2586 ἵσταντο
566 2536 897 2606 ἐκδεχόμενα
933 2542 1033 2609 τὴν
1098 2542 1279 2610 ἄφιξιν
1316 2545 1425 2597 τῶν
1483 2547 1626 2612 νηῶν
1669 2549 1732 2600 ἑκ
1771 2547 1862 2601 τοῦ

298 2622 522 2691 λιμένος
548 2628 649 2694 τῆς
677 2631 890 2699 χρυσῆς
923 2633 1105 2701 Πύλης
1140 2635 1315 2696 ἐκτός.
1341 2637 1402 2688 Al
1429 2637 1486 2688 δὲ
1521 2639 1646 2707 νῆες
1682 2638 1864 2690 ἐλθοῦ-

303 2733 395 2769 σαι
426 2719 563 2772 κατά
587 2719 684 2790 τὴν
713 2721 833 2790 ίσην
861 2723 1000 2784 ὁδὸν,
1028 2727 1121 2777 καὶ
1151 2726 1476 2795 βουλόμεναι
1510 2732 1749 2798 περᾶσαι
1775 2731 1863 2783 τὸν

302 2809 775 2880 Μεγαδημήτριον
804 2817 903 2882 τὴν
937 2819 1257 2886 ἀκρόπολιν,
1281 2819 1376 2873 τοῦ
1410 2821 1677 2875 εἰσελθεῖν
1709 2828 1764 2875 ἐν
1788 2823 1866 2893 τῷ

305 2901 564 2971 Κερατίῳ
599 2904 802 2972 κόλπῳ,
837 2907 904 2958 τά
938 2907 1101 2961 πλοῖα
1133 2912 1458 2965 ἀνθίσταντο
1481 2917 1598 2976 ταῖς
1654 2919 1864 2970 ναυσίν.

301 2987 412 3044 Ἶίν
439 2995 549 3062 γὰρ
583 2998 676 3048 καὶ
707 2999 739 3065 ή
772 2998 1020 3052 θάλασσα
1053 3002 1241 3073 ἐκείνῃ
1273 3006 1337 3071 τῇ
1370 3004 1488 3073 ὥρᾳ
1520 3006 1716 3071 εὔδιος,
1741 3008 1866 3059 ἀνέ-

307 3100 409 3150 μου
439 3083 512 3154 μὴ
546 3086 826 3150 πνέοντος.
868 3090 979 3143 Καὶ
1013 3087 1084 3160 ἦν
1120 3093 1250 3144 ἰδεῖν
1298 3093 1454 3162 ξένην
1508 3096 1634 3148 θέαν
1661 3113 1672 3124 ·
1705 3117 1869 3150 κατα-

307 3176 613 3242 πρωθείσα
641 3180 747 3249 γὰρ
779 3181 812 3250 ἡ
849 3181 1097 3234 θάλασσα
1147 3186 1259 3245 τοῖς
1309 3186 1497 3249 ἱστίοις
1531 3192 1866 3254 τριακοσίοις
1891 3211 1938 3274 C

300 3268 413 3318 τῶν
437 3271 718 3339 Τούρκών,
757 3275 853 3324 καὶ
881 3275 1044 3326 πέντε
1077 3280 1358 3339 μεγίστοις
1404 3279 1514 3331 τῶν
1542 3282 1705 3349 νηῶν,
1747 3283 1866 3353 ἐξὴ-

301 3359 484 3412 πλωτο
515 3363 546 3429 ή
580 3363 827 3418 Θάλασσα
875 3365 948 3428 ὡς
993 3369 1212 3436 χέρσος,
1266 3372 1362 3425 καὶ
1420 3373 1523 3425 ὑπὸ
1557 3374 1664 3425 τῶν
1698 3374 1867 3441 βελῶν

302 3452 424 3505 οὐδὲ
449 3454 545 3516 τὰς
576 3454 768 3516 κῶπας
797 3455 1063 3524 ἠδύναντο
1093 3462 1435 3529 καταφέρειν
1490 3466 1548 3515 ἐν
1599 3468 1710 3525 τοίς
1742 3464 1866 3517 ὓδα-

306 3561 413 3596 σιν.
445 3547 508 3597 0i
539 3546 594 3598 δέ
631 3546 731 3614 τῆς
767 3548 912 3615 νηὸς,
953 3550 1028 3611 ὡς
1058 3551 1207 3602 ἀετοὶ
1263 3552 1586 3621 ὑπόπτεροι.
1637 3556 1863 3619 ἄνωθεν,

305 3637 382 3698 ὡς
411 3640 734 3706 κεραυνοὺς,
761 3641 830 3692 τὰ
893 3640 1020 3709 βέλη
1049 3642 1158 3693 τῶν
1189 3641 1445 3714 τζαγρῶν
1494 3647 1865 3715 κατέπεμπον,

305 3731 403 3780 καὶ
432 3732 533 3790 τὰς
560 3731 759 3794 σκευὰς
789 3734 1047 3797 ἀπέλυον,
1087 3737 1181 3786 καὶ
1209 3736 1368 3803 φόνος
1401 3738 1500 3788 οὐκ
1539 3738 1720 3805 ὀλίγος
1760 3739 1867 3790 τῶν

305 3821 567 3892 ’1ὀύρκων
617 3825 858 3891 ἐγένετο.
903 3825 963 3878 '0
1029 3826 1085 3879 δὲ
1115 3825 1382 3904 ¹τύραννος
1436 3828 1539 3880 ὑπὸ
1581 3829 1680 3897 τῆς
1730 3831 1866 3897 ἄγαν

305 3912 618 3976 ἀλαζονείας
648 3916 894 3984 ὁρμήσας
942 3917 1000 3968 ἐν
1048 3918 1114 3986 τῇ
1182 3915 1422 3986 θαλάσσῃ
1487 3919 1864 3988 ἐποχούμενος

305 4003 482 4072 ῐππῳ,
516 4006 848 4073 ἐφαντάζετο
883 4008 1089 4076 σχίζειν
1124 4009 1224 4078 τὴν
1284 4011 1580 4075 θάλασσαν,
1617 4014 1710 4064 καὶ
1762 4013 1868 4075 ἓως

303 4097 486 4148 αὐτῶν
508 4096 616 4148 τῶν
640 4097 782 4162 νηῶν
817 4098 902 4150 διὰ
929 4099 1023 4151 τοῦ
1050 4100 1223 4154 ἵππου
1259 4101 1488 4155 πλεῦσαι
1511 4119 1524 4133 '
1556 4105 1715 4158 τόσον
1741 4105 1868 4158 ἐθυ-

312 4185 480 4250 μοῦτο
535 4187 593 4238 ἐν
640 4191 753 4249 τοῖς
788 4187 978 4251 αὐτοῦ,
1030 4190 1125 4242 καὶ
1165 4193 1196 4260 ή
1237 4191 1463 4255 ἔνοπλος
1502 4197 1732 4262 στρατιά
1771 4200 1867 4254 σὺν

305 4278 479 4347 αὐτῷ.
509 4281 642 4332 Τότε
675 4281 878 4350 ἀνέμου
907 4281 1260 4346 πνεύσαντος,
1299 4287 1392 4337 καὶ
1454 4287 1521 4338 τὰ
1584 4288 1727 4340 ίστία
1769 4308 1870 4357 φυ-

308 4369 565 4435 σηθέντα,
607 4371 888 4440 σχίσαντες
908 4373 978 4424 τὰ
1005 4372 1165 4426 πλοῖα
1207 4375 1306 4441 τήν
1335 4375 1392 4426 ἐν
1439 4378 1516 4445 τῷ
1545 4377 1724 4446 λιμένι
1751 4381 1868 4434 ὁδὸν

307 4459 524 4526 ἔπλεον,
562 4462 630 4514 τὰ
653 4462 710 4514 δέ
743 4463 906 4516 πλοῖα
941 4464 1185 4532 ἔμειναν.
1219 4464 1281 4517 El
1317 4468 1428 4537 γὰρ
1461 4462 1528 4538 ἦν
1556 4468 1868 4538 ἔμπροσθεν

1953 632 2132 672 remes
2159 627 2412 672 trecenta:
2431 618 2589 672 simul
2625 636 2787 687 prope
2822 620 3006 674 urbem
3053 619 3396 688 appulerunt.
3451 620 3518 671 At

1954 721 2166 780 portum
2202 712 2354 766 urbis
2381 723 2570 765 eatena
2599 721 2849 774 extensa,
2888 729 2914 764 a
2941 725 3111 778 porta,
3138 727 3258 780 quae
3286 710 3519 764 Pulchra

1954 806 2280 872 appellatur,
2312 807 2376 858 ad
2414 804 2615 858 Galatae
2671 804 2818 858 littus
2870 803 3175 866 claudebat,
3242 816 3522 868 navesque
3598 827 3603 832 τ

1955 897 2211 950 continua
2265 899 2403 952 serie
2432 913 2710 960 connexm,
2735 906 2926 964 portus
2962 894 3297 948 latitudinem
3337 903 3398 948 et'
3429 906 3520 948 ca-

1957 989 2500 1059 tenmlongitndinem
2535 998 2890 1056 occupantes,
2909 987 3051 1040 intra
3077 1003 3194 1039 eam
3219 975 3509 1038 stationem

1887 1082 1936 1143 ἐξ
1957 1083 2246 1137 habebant.
2277 1081 2479 1136 Classis
2513 1097 2676 1150 porro
2711 1082 2950 1149 quinque
2974 1080 3192 1131 navium
3227 1079 3382 1131 nobis
3410 1091 3521 1131 me-

1957 1183 2187 1240 morata,
2221 1162 2452 1245 quarum
2488 1189 2592 1228 una
2619 1189 2649 1228 e
2684 1173 3055 1238 Peloponneso
3093 1170 3300 1225 cibaria
3328 1169 3521 1223 subve-

1961 1271 2092 1322 hens
2129 1269 2476 1337 imperatoris
2518 1275 2655 1329 erat,
2699 1276 2908 1320 exterae
2967 1275 3201 1332 quatuor
3265 1261 3519 1315 mercede

1958 1361 2238 1415 conductae
2261 1358 2628 1413 Genuensium
2656 1364 2832 1419 erant,
2861 1354 2914 1407 in
2931 1352 3049 1407 Chii
3073 1362 3248 1420 portu,
3271 1353 3398 1402 dum
3421 1349 3520 1404 sibi

1957 1450 2260 1504 necessaria
2309 1455 2680 1516 comparant,
2740 1453 2914 1498 toturn
2969 1457 3211 1496 mensem
3275 1441 3522 1493 Martium

1957 1551 2289 1609 transegi-re.
2348 1542 2572 1594 Ineunte
2627 1537 2799 1605 Aprili
2859 1553 2889 1590 e
2945 1545 3097 1604 portu
3152 1533 3360 1588 solvere
3400 1547 3522 1587 cum

1956 1635 2347 1698 decrevissent,
2385 1633 2580 1685 boreas
2627 1631 2847 1699 epirans
2881 1628 3116 1682 obstitit.
3160 1625 3524 1690 Quamobrem

1957 1721 2546 1789 Constantinopolitani
2586 1758 2602 1781 .
2663 1720 2976 1788 pariterque
3029 1719 3249 1770 navium
3311 1715 3524 1767 illarum

1958 1821 2208 1867 vectores
2232 1813 2409 1865 mmsti
2450 1810 2762 1871 admodum,
2792 1808 3084 1876 animoque
3107 1805 3267 1858 valde
3285 1813 3530 1858 Conster-

1918 1895 1930 1959 .'
1965 1905 2076 1959 nati
2104 1913 2286 1975 erant.
2329 1905 2395 1955 At
2427 1904 2588 1955 borea
2620 1900 2845 1953 radente
2871 1914 2993 1952 cum
3039 1902 3221 1949 auster
3260 1895 3388 1947 llare
3421 1908 3530 1947 em»

1961 1998 2150 2064 pisset,
2188 2006 2342 2063 portu
2368 1996 2666 2048 solverunt.
2723 1991 2901 2044 Prima
2951 1987 3039 2041 die
3096 1994 3259 2040 vento
3302 1984 3406 2037 leni
3467 1999 3530 2037 ac

1963 2086 2222 2139 mediocri
2250 2083 2342 2136 lati
2368 2100 2382 2147 ;
2409 2083 2578 2135 altera
2605 2078 2981 2133 vehementius
3003 2076 3164 2130 flante
3190 2084 3374 2128 austro
3393 2075 3531 2128 cele-

1963 2176 2076 2230 rius
2106 2177 2266 2229 etiam
2321 2173 2656 2232 ferebantur,
2710 2167 3362 2237 Consmntinopolizanis.
3391 2167 3531 2220 banc

1962 2266 2518 2337 egregiam,nihilque
2545 2265 2677 2332 ipsis
2709 2261 3072 2330 profuturam,
3108 2275 3286 2312 rerum
3317 2258 3527 2326 copiam

1964 2358 2184 2412 interim
2219 2355 2692 2426 exspectantibus.
2735 2353 2833 2408 Ubi
2866 2369 2994 2408 vero
3017 2355 3067 2404 in
3101 2351 3252 2404 urbis
3272 2365 3530 2418 conspec-

1965 2458 2077 2502 tum
2106 2463 2302 2502 venere
2336 2445 2605 2507 naxcs,ad
2641 2445 2889 2498 triremes
2923 2459 3052 2496 suas
3093 2451 3398 2510 cmteraque
3441 2456 3526 2492 na-

1967 2540 2108 2610 vigia
2140 2540 2300 2595 celeri
2336 2540 2537 2608 impetu
2569 2537 2806 2591 accurrit
2839 2544 3128 2606 tyrannus,
3159 2534 3402 2601 taliaque
3434 2532 3534 2585 im-

1967 2641 2122 2700 perat
2157 2648 2172 2696 ;
2203 2633 2430 2684 alterum
2460 2646 2490 2684 e
2523 2629 2737 2683 duobus
2770 2629 3077 2683 faciendum
3115 2627 3407 2688 incumbit,
3451 2624 3532 2678 vel

1968 2740 2136 2780 naves
2165 2724 2464 2793 capiendm,
2500 2723 2579 2777 vel
2616 2735 2805 2792 portus
2843 2722 3091 2789 ingressu
3111 2719 3358 2773 arcenda:
3378 2726 3528 2771 sunt.

1968 2821 2007 2873 A
2048 2820 2431 2888 littore-itaque
2464 2833 2748 2888 progressa
2791 2817 2911 2883 ejus
2958 2814 3193 2883 navigia,
3247 2813 3299 2865 in
3352 2811 3534 2864 medio

1970 2912 2128 2973 freto.
2165 2912 2379 2964 navium
2409 2912 2695 2979 appulsum
2729 2917 2878 2962 extra
2915 2917 3127 2976 portum
3149 2909 3350 2961 Aurea?
3369 2917 3534 2973 porta:

1969 3002 2354 3069 exspectando,
2385 3000 2624 3052 stabant.
2663 2997 2898 3052 Navibus
2930 3010 3110 3050 autem
3142 3009 3345 3050 rectam
3391 2996 3531 3047 viam

1973 3095 2342 3151 tendentibus.
2377 3093 2855 3159 annitentibusth
2907 3089 3390 3150 ilegademetrium
3450 3102 3535 3138 ar-

1970 3203 2110 3247 cem.
2150 3199 2210 3240 ut
2251 3187 2429 3239 sinum
2466 3185 2779 3239 Ceratinum
2841 3183 3048 3252 ingredi
3107 3190 3351 3250 possent,
3380 3194 3539 3246 supo-

1972 3294 2114 3341 rare,
2149 3279 2358 3346 navigia
2390 3278 2679 3332 obstabant
2712 3295 2725 3343 ;
2769 3291 2918 3329 mare
2948 3276 3170 3344 quippe,
3199 3282 3362 3325 vento
3409 3284 3536 3325 tunc

1968 3375 2167 3440 posito,
2210 3371 2563 3441 tranquillum
2596 3378 2733 3424 erat.
2800 3367 3180 3437 Spectaculum
3241 3364 3405 3416 etiam
3463 3363 3540 3413 vi-

1970 3462 2586 3516 sendumexbibebatur
2614 3461 2771 3513 strati
2824 3461 2991 3512 maris
3049 3457 3354 3510 Turcorum
3404 3455 3539 3507 velis

1970 3557 2246 3618 trecentis,
2275 3564 2327 3609 et
2347 3556 2586 3625 quinque
2633 3553 2841 3622 magnis
2873 3551 3127 3610 navibus,
3149 3549 3542 3615 videbaturque

1972 3663 2156 3717 mquor
2179 3649 2243 3700 ad
2269 3648 2440 3716 campi
2473 3647 2715 3714 planitiei
2752 3646 2924 3698 instar
2959 3642 3363 3710 complanatum
3399 3657 3412 3704 ;
3442 3653 3541 3690 nee

1973 3745 2192 3805 propter
2229 3737 2456 3790 telorum
2508 3736 2866 3805 frequentiam
2911 3735 3043 3786 remi
3091 3734 3144 3785 in
3203 3745 3399 3800 aquam
3450 3731 3543 3783 tlc-

1971 3830 2141 3897 mergi
2176 3837 2447 3896 poterant.
2485 3826 2712 3884 Navium
2745 3839 3009 3888 teetores,
3048 3836 3104 3878 ut
3137 3824 3335 3894 aquilae
3388 3823 3544 3877 alata:

1969 3935 1998 3973 e
2029 3921 2294 3989 superiori
2333 3920 2450 3974 loco
2497 3921 2547 3973 in
2593 3919 2802 3989 navigia
2831 3918 3118 3971 humiliora
3153 3916 3364 3971 balistis
3415 3915 3543 3978 tela,

1969 4011 2120 4065 velut
2149 4009 2395 4073 fulmina,
2431 4008 2585 4077 152
2632 4007 2970 4070 emittebant,
3031 4020 3262 4075 quorum
3325 4005 3530 4059 maelii-

1971 4115 2070 4153 nas
2099 4100 2470 4168 disruperunt,
2497 4098 2800 4151 Turcornm
2823 4096 3028 4164 ingenti
3058 4104 3239 4165 strage
3257 4095 3544 4166 edita.Ty-

1973 4204 2177 4244 rannus
2202 4189 2438 4259 ingenita
2465 4188 2721 4256 superbia
2747 4197 2800 4241 et
2835 4187 3072 4241 vanitate
3103 4185 3398 4254 impulsus,
3444 4201 3542 4239 un-

1971 4282 2070 4336 das
2100 4283 2304 4336 lindere
2338 4295 2515 4347 posse,
2539 4288 2592 4334 et
2632 4295 2768 4349 equo
2818 4289 3029 4334 vectum
3056 4278 3122 4331 ad
3160 4293 3323 4332 naves
3371 4294 3544 4347 usque

1960 4389 2218 4442 suosque
2248 4380 2489 4426 armatos
2521 4382 2803 4440 penetrare
2832 4369 3137 4425 confidebat
3164 4387 3178 4436 ;
3207 4378 3395 4425 tantus
3427 4372 3543 4423 ani-

1975 4468 2071 4532 mi,
2105 4482 2215 4536 quo
2255 4468 2308 4520 in
2341 4466 2504 4520 rebus
2536 4467 2652 4520 suis
2674 4465 2898 4534 agendis
2954 4461 3255 4525 ferebatur,
3311 4464 3543 4531 impetus

307 4551 492 4604 αὖτῶν
525 4553 646 4605 τότε
673 4557 701 4606 ό
733 4555 920 4617 στόλος
947 4555 1040 4608 τοῦ
1072 4555 1377 4626 βαρϐάρου,
1412 4557 1664 4613 ἐδύναντο
1697 4561 1763 4613 ἂν
1815 4562 1871 4614 αἱ

1975 4567 2114 4613 erat.
2149 4557 2325 4612 Vento
2357 4559 2557 4609 interea
2593 4556 2827 4609 excitato
2857 4554 3085 4622 velaque
3120 4559 3396 4617 sinuante,
3449 4571 3542 4607 na~

309 4643 474 4696 πέντε
511 4643 676 4698 αὗται
707 4645 834 4713 νῆες
874 4646 1275 4699 καταποντίσαι
1331 4649 1426 4700 καὶ
1458 4650 1523 4700 τὰ
1560 4649 1869 4717 τριακόσια.

319 4737 382 4787 '0
412 4736 469 4788 δὲ
498 4736 764 4806 τύραννος
825 4737 901 4808 μή
957 4736 1243 4805 γινώσκων
1305 4740 1403 4807 τὴν
1441 4740 1538 4807 τῆς
1603 4740 1872 4811 θαλάττης

307 4829 622 4899 ἐπιστήμην
669 4829 829 4896 μόνον
856 4827 1181 4898 ἐκέγραγενρ
1229 4827 1288 4882 '0
1318 4829 1374 4881 δέ
1438 4830 1612 4897 μέγας
1672 4833 1873 4884 Κοντό-

309 4922 541 4980 σταυλος
607 4917 776 4972 αὐτοῦ
843 4919 943 4971 οὐκ
997 4918 1266 4987 ἠθέλησεν
1313 4922 1569 4990 ἀκοῦσαι,
1616 4925 1710 4978 καὶ
1763 4927 1870 4996 γὰρ

308 5011 641 5078 παραλόγως
677 5012 1067 5080 ἐπρόσταττεν.
1101 5012 1232 5064 Τότε
1256 5012 1578 5082 Θυμωθεὶςό
1614 5016 1905 5088 τύραννος·

305 5099 477 5170 ὥρισε
514 5101 603 5152 τὸν
633 5101 819 5153 στόλον
861 5101 1120 5153 ἀπελθεῖν
1173 5103 1235 5154 ἐν
1270 5101 1346 5170 τῷ
1375 5103 1745 5173 διπλῷαίονι,
1782 5108 1872 5159 τὸν

307 5189 367 5241 δὲ
420 5190 598 5257 μέγαν
651 5190 1059 5242 Κοντόσταυλον
1105 5191 1337 5260 ἀχθῆναι
1397 5193 1632 5245 ἐνώπιον
1682 5195 1870 5248 αὑτοῦ.

321 5281 608 5352 Ἀχθέντος
643 5278 758 5344 οὖν,
817 5284 913 5334 καὶ
953 5282 1096 5336 κατά
1147 5283 1252 5354 γῆς
1313 5284 1585 5353 ῥιφέντος,
1618 5285 1713 5338 καὶ
1769 5288 1874 5340 ὑπο

307 5375 595 5442 τεσσάρων
651 5373 1033 5436 τανυσθὲντος,
1085 5374 1249 5436 αὐτὸς
1303 5377 1332 5428 ὁ
1382 5377 1610 5446 ήγεμὼν
1641 5379 1871 5442 οἰκείαις

305 5467 500 5535 χερσὶν
545 5466 733 5534 ἔτυψε,
769 5466 890 5527 δοὺς
923 5464 1120 5518 ἐκατὸν
1153 5467 1250 5519 σὺν
1310 5469 1411 5537 μιᾷ
1461 5471 1635 5538 χρυσῇ
1669 5469 1868 5540 ράὸδῳ,

303 5552 371 5625 ἦς
431 5556 715 5625 ήκεφαλή
768 5557 995 5626 χρυσίου
1056 5555 1300 5625 καθαροῦ
1356 5558 1622 5627 σταθμίον
1689 5559 1868 5629 λίτραι

1976 4663 2072 4702 ves
2104 4652 2197 4716 per
2224 4647 2401 4700 aeatia
2425 4645 2622 4704 media,
2683 4644 2803 4712 qua?
2851 4643 3143 4697 stationem
3214 4658 3367 4697 suam
3433 4659 3540 4696 non

1976 4742 2360 4804 deseruerunt,
2390 4740 2443 4792 in
2476 4749 2686 4808 portum
2719 4737 3062 4792 deferuntur.
3109 4737 3263 4802 Quod
3314 4737 3358 4792 si
3412 4747 3542 4790 tunc

1978 4832 2233 4886 univers‘a
2264 4831 2459 4884 classis
2494 4829 2711 4882 barbari
2737 4828 2893 4881 obvia
2927 4829 3188 4892 stetisset,
3211 4829 3353 4881 illam
3380 4843 3540 4896 quas-

1976 4922 2147 4976 sando
2172 4935 2238 4974 ac
2267 4918 2634 4989 demerget:th
2687 4921 2927 4986 quinque
2983 4932 3149 4971 naves
3217 4918 3333 4971 ista:
3384 4931 3541 4985 pares

1975 5022 2154 5067 erant.
2185 5010 2495 5083 Tyrannus,
2529 5012 2603 5064 rei
2637 5013 2867 5064 nauticae
2902 5011 3148 5079 ignarus,
3182 5009 3248 5063 ad
3275 5011 3541 5063 clamores

1975 5116 2028 5161 et
2079 5105 2497 5160 vociferationes
2546 5120 2846 5159 conversus
2894 5114 3022 5169 est;
3055 5104 3253 5172 quibus
3313 5118 3539 5171 magnus

1975 5198 2092 5266 ejus
2124 5197 2532 5262 Coutostaulus,
2568 5213 2689 5252 cmn
2720 5196 3206 5265 absurdajuberct,
3229 5197 3540 5250 auscultare

1975 5287 2166 5342 noluit.
2197 5287 2278 5342 Ira
2303 5299 2432 5342 tunc
2457 5302 2718 5341 accensus
2750 5297 3011 5355 tyrannus
3031 5285 3260 5338 classem
3313 5285 3380 5337 ad
3403 5285 3538 5339 duas

1978 5378 2261 5431 columnas
2298 5377 2450 5432 abire
2475 5386 2729 5430 etcoram
2756 5391 2814 5430 se
2834 5390 3084 5445 magnum
3119 5374 3536 5429 Contostaulnm

1976 5469 2170 5522 adduci
2197 5468 2372 5537 jubet.
2403 5468 2572 5533 Quem
2601 5476 2896 5522 attractum
2934 5476 2986 5524 et
3011 5470 3064 5521 in
3110 5477 3307 5522 terram
3359 5468 3539 5538 dejec-

1976 5569 2354 5629 tum,quatuor
2381 5561 2704 5615 satellitibus
2732 5561 2876 5614 illius
2903 5563 3144 5614 membra
3177 5561 3537 5616 distcmlenti.

656 5744 664 5751 ι
1485 5680 1772 5742 Ismaelis
1807 5683 2106 5745 Bullialdi
2148 5692 2336 5746 notua.

592 5780 658 5832 δὲ
686 5780 850 5858 νῆες,
877 5779 945 5858 dic
965 5781 1284 5858 alptiiwlter
1330 5781 1693 5858 uertaTres
1728 5785 1879 5842 ftIiSSt

1964 5789 2190 5846 Lbienses
2226 5800 2404 5845 narrat
2446 5791 2783 5855 Leonardns,
2812 5800 2861 5844 et
2903 5791 3092 5844 nav.le
3133 5789 3374 5858 pra'lium
3436 5784 3536 5842 de-

305 5850 526 5905 scribit:
553 5849 818 5929 Laonicus
853 5853 1036 5914 etiam,
1062 5850 1155 5902 lib.
1192 5867 1303 5915 nu,
1345 5852 1642 5908 adcundus.
