4144 6444
211 456 336 518 ΜΗ

1398 461 1762 524 HISTORIA
1801 462 2243 524 BYZANTlNA.

3314 461 3448 523 1142

205 573 285 640 τῷ
323 573 696 642 Φραντζήσκῳ
743 573 864 625 οζτε
902 574 1334 644 ἐχρεωστοῦμεν,
1379 575 1503 629 οὔτε
1537 577 1760 646 δίδομεν,

1878 579 2037 632 ranni
2061 577 2320 630 mandata
2346 576 2570 646 legenda
2598 576 2826 647 porrigit
2854 596 2867 640 ;
2905 577 2970 632 iis
3008 575 3169 631 lectis
3199 591 3253 630 se
3281 575 3448 632 Fran-

203 667 296 716 καὶ
326 667 472 719 ποίει
521 667 596 728 ὡς
622 667 821 736 βούλει.
852 667 986 719 Τότε
1020 670 1046 721 ό
1068 669 1300 737 Χαμζᾱς
1329 669 1576 724 ἐκϐαλὼν
1602 669 1778 739 Τούρ·

203 777 357 822 κους,
381 762 476 813 καὶ
505 761 742 830 μερικὴν
773 762 1008 830 πραῖδαν
1034 763 1366 832 ποιήσαντες
1401 764 1479 826 είς
1507 764 1574 817 τὰ
1618 764 1778 835 πέριξ

203 853 400 920 χωρία,
433 855 529 906 καὶ
566 855 624 905 ἑν
658 855 944 921 ἀμπέλοις,
977 857 1070 909 καὶ
1099 858 1299 925 κήποις
1323 857 1549 927 ζημίαν,
1577 858 1639 911 οὑ
1671 859 1777 926 γὰρ

204 941 349 1014 εἶχον
381 947 438 999 ὲν
465 949 531 1017 τῇ
581 948 733 1001 πόλει
768 947 820 1000 τί
875 948 1099 1018 πρᾶξαι.
1143 944 1251 1003 Ἦν
1301 950 1412 1018 γὰρ
1439 951 1499 1002 16
1533 950 1637 1015 ἔξω
1677 951 1775 1020 τῆς

205 1038 415 1101 πόλεως
451 1038 655 1109 πλῆθος
701 1040 946 1110 ἀνδρῶν*
980 1039 1040 1092 16
1080 1041 1136 1093 δὲ
1167 1041 1316 1104 ἐντὸς
1350 1041 1552 1111 πλῆθος
1600 1043 1775 1112 ἁρμά-

200 1150 329 1198 των,
360 1133 456 1188 καὶ
493 1133 710 1187 Ἰταλῶν
742 1133 1052 1205 ὀξυθύμων,
1081 1137 1176 1188 καὶ
1224 1136 1359 1204 πρὸς
1388 1138 1604 1205 σφαγὰς
1635 1139 1772 1190 ἑτοί-

205 1241 358 1292 μων
393 1227 427 1294 ή
477 1225 534 1279 δὲ
609 1227 765 1289 πόλις
815 1226 1225 1295 περιεκύκλωτο
1285 1230 1516 1298 τάφροις
1562 1229 1772 1292 διπλοῖς

202 1317 284 1377 εἰς
337 1315 494 1384 εὖρος
547 1317 919 1380 ικτεινούσαις
974 1317 1128 1378 πολὺ,
1162 1320 1258 1370 καὶ
1300 1320 1380 1372 είς
1432 1318 1596 1388 βάθος
1630 1319 1795 1389 ὑπὲρ.

201 1409 430 1475 ὀργυιὰς
459 1411 625 1478 τρεῖς.
658 1408 720 1462 Ὀ
749 1409 805 1462 δὲ
834 1410 1000 1478 λιμὴν
1049 1409 1147 1463 καὶ
1194 1410 1356 1472 αὐτὸς
1397 1411 1538 1480 ὑπὲρ
1569 1413 1669 1474 τὰς
1699 1411 1774 1463 εἷ-

204 1519 327 1552 κιοσι
355 1503 486 1569 νῆας
514 1502 613 1562 τὰς
654 1502 716 1552 ὲκ
752 1501 1005 1563 Γενούας,
1051 1503 1226 1554 πᾶσαι
1284 1503 1513 1572 πλήρεις
1564 1502 1773 1572 ἀνδρῶν

200 1597 294 1647 καὶ
321 1594 605 1664 ἁρμάτων.
640 1594 774 1646 Τότε
827 1593 951 1646 ἰδὼν
981 1596 1007 1647 6
1037 1594 1270 1662 Χαμζᾶς
1317 1597 1399 1648 ὅτι
1448 1597 1507 1647 ού
1549 1597 1768 1650 δύναται

202 1690 378 1739 ποιεῖν
404 1687 582 1749 οὐδὲν,
607 1687 803 1756 μηνύει
827 1689 940 1748 τοῖς
995 1687 1226 1755 ἡγεμόσι
1260 1685 1352 1739 τοῦ
1382 1686 1555 1740 ἐλθεῖν
1590 1687 1648 1753 ἐξ
1678 1689 1770 1741 αὑ-

198 1783 309 1835 τῶν
335 1777 436 1843 εἷς,
456 1783 549 1852 ﬁt:
582 1782 677 1834 xui.
702 1780 814 1836 δύο.
845 1781 1075 1848 συνᾶραι
1109 1781 1266 1847 λόγον
1298 1780 1436 1848 μετὰ
1461 1780 1555 1833 τοῦ
1589 1783 1766 1851 Φρεν-

196 1877 297 1943 τζή
312 1892 437 1930 axon
469 1876 529 1926 ὲν
567 1875 667 1944 μιᾷ
691 1875 800 1926 τῶν
831 1874 1126 1942 τριήρεων,
1173 1873 1294 1936 δοὺς
1325 1876 1536 1936 πίστεις
1563 1876 1766 1936 αὑτοῖς.

196 1971 260 2022 Οἱ
292 1970 345 2022 δὲ
371 1968 760 2028 πιστεύσαντες
792 1967 953 2018 αὑτὸν
998 1967 1242 2033 ἀπῆλθον
1292 1966 1405 2031 δύο,
1439 1960 1523 2029 εἷς
1550 1967 1611 2019 ἐκ
1659 1967 1767 2019 τῶν

195 2063 466 2130 γερόντων
519 2059 756 2130 Κύρικος
805 2059 1030 2127 ὀνόματι
1090 2057 1427 2123 Ἰουστινίας,
1457 2061 1549 2112 καὶ
1582 2059 1766 2130 ἔτερος

197 2158 336 2218 νέος.
372 2154 688 2223 Ἐρχόμενοι
719 2152 775 2205 δὲ
807 2153 863 2203 ἐν
898 2151 976 2218 τῷ
1004 2149 1176 2220 στόλῳ
1202 2152 1339 2203 κατὰ
1363 2151 1461 2220 τὴν
1489 2151 1604 2204 666v
1627 2152 1764 2220 ήνω-

196 2248 420 2320 χλοῦντο
454 2248 555 2298 ὑπὸ
605 2245 699 2298 τοῦ
734 2243 1023 2312 λογισμοῦ,
1056 2249 1150 2296 καὶ
1190 2244 1492 2307 ἐπιέζοντο,
1517 2241 1764 2310 λέγοντες

195 2339 318 2393 καθ’
345 2338 592 2399 ἑαυτούς·
632 2337 692 2390 El
727 2335 1126 2405 μεταμεληθεὶς
1163 2335 1267 2387 ὑπὸ
1300 2336 1411 2398 τοῖς
1457 2334 1766 2404 ὑποσχομέ⁶

195 2446 306 2491 νοις
342 2430 369 2478 6
403 2429 666 2497 Τοῦρκος,
720 2425 814 2479 καὶ
867 2425 1162 2493 βουληθείη
1193 2420 1325 2493 ἆραι
1371 2425 1520 2493 ἡμᾶς
1555 2423 1609 2476 ὲν
1645 2425 1763 2486 ταῖς

194 2523 464 2590 τριήρεσι,
508 2520 590 2580 τίς
645 2517 797 2570 ἔσται
843 2518 868 2569 6
916 2516 1188 2570 ἀντειπὼν
1237 2516 1407 2588 αὑτῷ,
1456 2519 1536 2569 ὅτι
1579 2517 1765 2581 κακῶς

194 2609 472 2676 ἔπραξεν;
522 2606 716 2671 Οὐδεὶς
766 2607 874 2659 τῶν
927 2606 1208 2676 Τούρκων,
1239 2607 1376 2660 ἀλλὰ
1419 2608 1514 2660 καὶ
1565 2608 1762 2677 μᾶλλον

194 2701 416 2770 ἀνδρίαν
443 2700 502 2752 16
531 2700 718 2769 δρᾶμα
762 2700 1081 2769 ήγήσονται,
1117 2699 1213 2752 καὶ
1259 2701 1583 2767 σοφιστικήν
1613 2701 1767 2771 ἐνέρ-

195 2810 372 2859 γειαν.
417 2793 504 2844 Ἐν
531 2793 744 2854 τούτοις
777 2794 891 2854 τοῖς
925 2790 1258 2861 βουλεύμασι
1305 2793 1398 2845 καὶ
1424 2793 1450 2843 6
1483 2795 1666 2858 στόλος
1695 2791 1763 2865 ἦν

192 2884 296 2951 ήδη
325 2882 511 2949 ἐγγύς.
562 2883 727 2935 Ὅσον
771 2881 1110 2950 ἐπλησίασαν
1148 2883 1241 2934 τὸν
1281 2883 1487 2946 στόλον,
1524 2885 1762 2954 τοσούτῳ

192 2975 289 3024 καὶ
323 2975 350 3024 6
379 2971 539 3040 φόϐος
573 2973 631 3023 έν
660 2972 726 3041 τῇ
756 2971 898 3041 ψυχῇ
930 2973 1107 3024 αὑτῶν
1139 2973 1404 3044 ἐνεπάγη.
1431 2975 1494 3028 οι
1519 2976 1574 3029 δὲ
1604 2978 1762 3046 στρέ-

189 3068 389 3134 ψαντες
420 3064 516 3127 τὰς
541 3063 702 3129 ἡνίας
731 3065 1108 3132 ἀντιστρόφως
1140 3065 1266 3127 τοὺς
1313 3067 1515 3129 ῐππους
1543 3069 1760 3138 τρέχειν

1880 671 2029 725 cisco
2063 672 2365 742 quidquam
2410 670 2630 731 debere.
2664 687 2726 724 ac
2789 672 3001 726 solvere
3037 668 3177 724 velle
3226 681 3444 737 negant,

1879 776 2156 828 cancrum,
2192 762 2339 834 quod
2384 763 2558 817 visum
2593 762 2695 817 sibi
2745 762 2930 826 fuerit,
2966 761 3152 817 faciat.
3189 761 3285 815 llis
3307 761 3446 815 actis

1881 856 1935 909 in
1972 867 2173 911 terram
2230 856 2443 911 Turcos
2501 855 2726 924 exponit
2789 853 3062 919 Hanizas,
3131 855 3279 909 vicos
3339 852 3448 908 cir-

1880 947 2180 1016 cumjet:tos
2234 949 2430 1016 partim
2489 943 2875 1012 dt-prazdatur,
2932 945 3112 997 vineta
3151 953 3204 999 et
3258 945 3447 998 hortos

1876 1047 2091 1092 vastat:
2141 1055 2264 1093 cum
2327 1040 2446 1092 urhi
2502 1039 2760 1092 damnum
2819 1036 2990 1091 ullum
3043 1034 3250 1093 inferre
3303 1036 3448 1090 haud

1876 1140 2081 1200 posset.
2114 1129 2401 1184 Exteriora
2426 1130 2696 1198 siquidem
2727 1129 2883 1184 urbis
2917 1128 3326 1199 propugnacula
3361 1129 3446 1180 iu-

1875 1238 2008 1288 gens
2036 1222 2318 1277 hominum
2364 1220 2660 1275 multitudo
2700 1220 2997 1286 tuebatur;
3028 1229 3192 1290 atque
3226 1221 3445 1290 plurimi

1878 1315 2069 1368 armati
2099 1314 2218 1369 Itali
2264 1315 2524 1377 animosi,
2556 1323 2610 1368 et
2640 1328 2804 1367 manu
2841 1313 3077 1382 prompti
3110 1313 3257 1367 intra
3314 1327 3449 1368 mm-

1876 1405 1963 1458 nia
1987 1406 2249 1472 aderant;
2281 1422 2403 1476 qua:
2447 1405 2657 1477 duplici
2713 1420 2810 1476 per
2855 1405 3122 1460 ambitum
3163 1407 3309 1462 fossa
3369 1404 3449 1458 la-

1876 1499 2110 1560 tissima,
2138 1507 2191 1551 et
2248 1499 2390 1552 ultra
2427 1509 2535 1553 tres
2563 1513 2761 1569 orgyas
2787 1499 2898 1552 alta
2937 1499 3444 1553 circumdabantur.

1875 1591 1952 1644 Ad
1985 1601 2174 1658 portus
2192 1593 2502 1647 custodiam
2530 1606 2698 1647 naves
2747 1591 3036 1660 plusquam
3098 1590 3312 1661 viginti,
3354 1605 3444 1646 ve-

1874 1684 2118 1738 ctoribus
2156 1683 2538 1753 militibusque
2579 1685 2805 1739 armatis
2852 1684 3153 1750 instructa,
3190 1685 3446 1752 prazside—

1875 1777 2023 1829 bant.
2064 1775 2339 1830 Adversus
2377 1789 2471 1830 eos
2514 1791 2572 1830 se
2628 1775 2763 1828 nihil
2811 1775 3096 1845 prolicere,
3145 1789 3269 1830 cum
3327 1775 3446 1828 aui-

1872 1867 2257 1921 madvertisset
2313 1865 2566 1929 llamzas,
2627 1865 2748 1920 Chii
2799 1865 3075 1935 principes
3110 1866 3262 1921 viros
3321 1866 3449 1919 hor-

1859 1964 2037 2020 .tatur,
2075 1966 2130 2008 ut
2167 1972 2334 2010 unum
2372 1956 2454 2010 vel
2485 1957 2621 2010 duos
2674 1971 2703 2009 ε,
2739 1955 2878 2020 suis,
2932 1964 3154 2024 accepta
3219 1953 3328 2008 ﬁde
3387 1953 3440 2005 in

1866 2047 2125 2102 triremen
2160 2049 2374 2101 mittant
2392 2063 2512 2101 cmn
2539 2047 2835 2101 Francisf‘o
2855 2046 3014 2099 colloi
3038 2055 3250 2100 uturos.
3312 2044 3436 2098 Fide

1870 2139 1994 2194 data
2012 2139 2136 2194 freti
2154 2138 2284 2202 duo,
2307 2155 2469 2194 senex
2494 2153 2635 2192 unus
2655 2138 2886 2209 Cyricus
2907 2138 3195 2201 Justinias,
3225 2138 3442 2205 juvenis

1868 2233 2025 2296 alter,
2046 2233 2110 2285 ad
2137 2231 2398 2285 triremen
2420 2246 2478 2286 se
2496 2229 2802 2284 conferunt.
2826 2230 2970 2284 Inter
2988 2227 3440 2296 proﬁciscendum

1869 2324 2226 2395 183autem
2251 2325 2314 2376 ad
2344 2325 2604 2387 classem,
2633 2323 2798 2376 variis
2826 2321 3184 2390 molestisque
3211 2321 3441 2375 rationi-

1867 2415 1972 2470 bus
1999 2417 2215 2468 animos
2263 2414 2636 2468 subeuntibus
2698 2414 3095 2481 torquebantur
3122 2452 3134 2472 .
3169 2411 3297 2466 dum
3354 2427 3441 2465 se-

1867 2520 1990 2560 cum
2029 2508 2255 2576 agitant,
2287 2522 2412 2560 num
2464 2520 2865 2574 promissorum
2917 2503 3239 2573 poenitentia
3287 2513 3440 2556 actus

1865 2597 2096 2664 Turcus,
2134 2599 2281 2668 ipsos
2314 2600 2365 2651 in
2402 2598 2615 2651 triremi
2658 2597 3096 2667 comprehensos
3164 2596 3439 2650 abducere

1863 2690 2061 2755 vellet;
2095 2691 2183 2745 cui
2223 2689 2407 2743 nullus
2442 2689 2627 2757 inique
2649 2688 2716 2742 ab
2773 2689 2892 2756 ipso
2956 2690 3159 2740 factum
3232 2687 3435 2749 dicere,

1862 2790 1915 2835 et
1936 2782 2079 2850 apud
2111 2795 2232 2836 eum
2264 2780 2606 2835 intercedere
2641 2779 2867 2834 auderet
2903 2798 2915 2833 :
2978 2779 3176 2832 nedum
3233 2778 3431 2842 Turci,

1864 2875 1956 2944 qui
1990 2873 2172 2928 scelus
2203 2873 2476 2942 ejusmodi
2515 2889 2838 2942 generosum
2874 2875 3087 2928 facinus
3113 2888 3176 2927 ac
3239 2885 3425 2928 strata-

1861 2981 2017 3034 gema
2049 2965 2288 3034 prudens
2325 2965 2648 3020 aestimaturi
2684 2973 2834 3020 sunt.
2874 2965 3007 3019 Dum
3065 2967 3132 3020 de
3184 2966 3270 3021 his
3291 2966 3434 3021 «deli—

1863 3059 2077 3122 beraut,
2113 3058 2279 3113 classi
2339 3057 2511 3132 magis
2567 3073 2631 3112 ac
2695 3059 2868 3128 magis
2933 3056 3210 3122 admotos,
3260 3070 3432 3113 metus

190 3157 518 3227 ἠνάγκαζον.
548 3157 753 3225 Πλῆθος
797 3152 890 3209 οὖν
919 3156 1028 3209 τῶν
1064 3155 1323 3227 Τούρκων
1347 3160 1407 3210 ἒν
1437 3162 1557 3223 ταῖς
1584 3161 1758 3230 ἀμπέ-

1861 3150 2235 3206 vehementior
2265 3164 2485 3220 quoque
2525 3149 2731 3204 invadit
2760 3167 2773 3205 :
2802 3149 2953 3203 ﬂexis
2987 3152 3168 3219 itaque
3202 3151 3434 3205 habenis

191 3251 302 3311 λοις
333 3252 426 3302 καὶ
451 3251 646 3321 κήποις
682 3249 927 3318 εὑρεθὲν,
974 3250 1252 3304 ἐκώλυσαν
1283 3252 1382 3320 τὴν
1436 3252 1605 3306 δίοδον
1657 3253 1762 3318 ἔξω

189 3343 552 3413 πηδήσαντες.
587 3341 976 3403 Καίλαϐόντες
1008 3343 1204 3405 αὐτοὺς
1241 3344 1405 3412 μηδὲν
1428 3345 1760 3409 κωλυθέντες

189 3435 344 3503 παρὰ
374 3435 480 3485 τῶν
512 3433 1031 3486 ἐπακολουθούντων
1060 3435 1349 3501 Φράγκων,
1382 3435 1517 3488 ἀλλὰ
1548 3438 1642 3489 καὶ
1676 3437 1761 3507 βέ-

186 3528 304 3578 λεσι
354 3526 642 3593 βάλλοντες
686 3527 884 3587 αὐτοὺς
936 3527 1260 3591 ἀπεδίωξαν,
1294 3528 1419 3590 τοὺς
1453 3529 1507 3581 δὲ
1538 3529 1632 3582 δύο
1658 3531 1758 3598 ἄρ-

187 3637 383 3688 χοντας
433 3619 510 3687 τῷ
561 3621 846 3688 καπιτάνῳ
894 3623 1280 3688 παρέστησαν·
1334 3620 1514 3673 λαϐὼν
1561 3623 1760 3686 αὐτοὺς

185 3711 339 3775 ἐντὸς
389 3715 487 3781 τῆς
536 3713 785 3780 τριήρεος
812 3752 826 3775 ,
853 3711 945 3763 καὶ
976 3713 1070 3772 τὰς
1101 3711 1346 3781 ἀγκύρας
1378 3713 1632 3782 ἄραντες,
1665 3717 1758 3766 καὶ

181 3806 252 3856 τὰ
285 3804 427 3856 ἱστία
459 3804 773 3872 ὑψώσαντες
822 3804 958 3873 πρὸς
1013 3804 1112 3874 τὴν
1164 3806 1342 3859 Ῥόδον
1388 3807 1599 3860 ἔπλεον.
1643 3808 1757 3860 Ἑλ-

183 3896 368 3957 θόντες
396 3894 452 3945 δὲ
486 3895 578 3945 καὶ
611 3894 810 3956 ἰδόντες
844 3893 952 3947 ἀπὸ
1010 3895 1287 3966 μακρόθεν
1314 3898 1410 3965 τήν
1446 3897 1622 3960 πόλιν,
1659 3897 1755 3950 καὶ

180 3987 274 4040 τὸν
308 3986 503 4053 λιμένα
535 3987 714 4055 πλήρη
743 3985 890 4055 νηῶν
920 3987 1192 4055 μεγάλων,
1235 3988 1415 4051 πάσας
1460 3992 1538 4052 εἰς
1583 3991 1755 4060 παρὰ·

178 4077 335 4139 ταξιν
368 4078 741 4141 ὲστώσας,καὶ
784 4078 884 4146 τὴν
933 4077 1087 4130 πόλιν
1125 4078 1501 4148 ὑπερμεγέθη,
1551 4081 1645 4130 καὶ
1676 4081 1753 4133 δι-

178 4169 322 4235 πλῆν
357 4168 454 4235 τὴν
485 4169 841 4238 παρασκευὴν
892 4170 1252 4238 ὲννοήσαντες
1284 4169 1313 4236 ἢ
1356 4170 1455 4238 τῆς
1491 4169 1645 4236 Χίου,
1672 4173 1749 4235 είς

175 4262 278 4327 τὴν
318 4260 482 4326 νῆσον
535 4259 630 4312 Κῶ
677 4258 774 4329 τὴν
818 4259 1091 4312 θάλατταν
1139 4259 1387 4327 ἔσχιζον·
1434 4263 1550 4314 ἐκεῖ
1574 4265 1750 4316 τοίνυν

173 4352 509 4416 ἐξελθόντες,
552 4353 644 4404 καὶ
687 4351 748 4404 16
794 4350 1082 4404 καθολικδν
1117 4352 1386 4421 πολίχνιον
1422 4353 1627 4425 ἔρημον
1660 4357 1751 4407 εὑ-

174 4445 385 4513 ρόντες,
417 4444 486 4495 τὰ
508 4443 799 4513 εὑρεθέντα
824 4441 1138 4504 ἐσκύλευον,
1164 4444 1256 4496 καὶ
1290 4444 1453 4512 μέρος
1474 4445 1748 4513 γερόντων

167 4556 230 4589 τε
268 4539 357 4588 καὶ
389 4535 573 4604 γραῶν
608 4535 862 4601 εὑρόντες
906 4533 1136 4603 ἠρώτων
1169 4537 1298 4603 περὶ
1323 4534 1431 4588 τῶν
1464 4537 1701 4590 πολιτῶν
1730 4554 1742 4568 ·

168 4633 218 4681 οἱ
260 4630 312 4681 δὲ
359 4629 568 4696 ἔφησαν
603 4629 662 4680 ὲν
695 4627 838 4693 ἄλλῳ
889 4626 1171 4695 πολιχνίῳ,
1222 4625 1249 4678 ὃ
1317 4625 1536 4696 Ῥαχεία
1591 4628 1745 4696 λέγε-

164 4737 259 4773 ται
321 4719 458 4785 (20),
508 4720 565 4771 ὲν
602 4719 794 4788 ἐκείνῳ
852 4718 926 4779 ὡς
982 4718 1312 4787 ὀχυρωτάτῳ
1374 4718 1743 4789 εἰσήχθησαν·

164 4811 429 4872 λαϐόντες
455 4806 547 4862 οὖν
576 4810 797 4874 αὑτοὺς,
828 4811 921 4862 καὶ
959 4811 1036 4872 είς
1083 4811 1181 4877 τὴν
1228 4809 1478 4878 Ῥαχείαν
1504 4811 1531 4861 ὁ
1562 4809 1747 4873 στόλος

162 4899 380 4959 διαϐὰς.
405 4899 709 4965 ἐξελθόντες
737 4899 834 4960 τὰς
865 4904 1069 4969 σκηνὰς
1101 4901 1328 4968 ἔπηξαν,
1353 4903 1449 4954 καὶ
1479 4903 1545 4970 τῇ
1580 4901 1745 4954 ἐπαύ-

167 5006 286 5058 ρον
315 4990 644 5059 ζητήσαντες
670 4991 729 5043 τὸ
750 4992 1044 5061 πολίχνιον,
1062 4995 1159 5046 καὶ
1188 4995 1383 5063 ὅρκους
1404 4994 1498 5046 τοῦ
1536 4997 1609 5065 μὴ
1635 4997 1752 5064 αίχ⁴

161 5080 541 5148 μαλωτεῦσαι.
569 5077 679 5133 ἾΙν
708 5082 762 5134 δὲ
791 5084 819 5134 ό
840 5083 937 5150 τὴν
977 5082 1256 5136 διάλεκτον
1307 5084 1744 5154 μεταχειρισθεὶς

160 5174 190 5222 6
214 5171 600 5240 ψραντζῆσκος
627 5188 641 5202 ·
674 5174 724 5225 οί
767 5173 822 5224 δὲ
875 5172 970 5225 τοῦ
1020 5174 1259 5243 κάστρου
1300 5175 1520 5246 Φρέριοι
1549 5175 1747 5242 διαβε-

1867 3242 2211 3312 subditisque
2239 3243 2552 3298 calcaribus
2576 3243 2629 3296 in
2652 3243 2996 3296 contrarium
3032 3257 3207 3312 equos
3233 3244 3427 3295 citant.

1863 3335 1932 3386 At
1952 3332 2255 3388 Turcorum
2289 3349 2386 3403 per
2419 3335 2610 3388 vineas
2640 3342 2693 3388 et
2719 3333 2910 3386 hortos
2977 3333 3274 3401 palantium
3299 3334 3432 3386 mul-

1865 3425 2056 3490 titudo,
2084 3425 2456 3495 quominusin
2483 3425 2676 3479 urbem
2710 3440 2768 3479 se
2797 3423 3085 3488 referrent,
3110 3436 3429 3492 occupatam

1861 3522 2003 3574 viam
2031 3521 2341 3590 intercepit.
2377 3520 2793 3588 Comprehcnsi,
2827 3517 3074 3581 Francis,
3134 3518 3226 3586 qui
3283 3519 3365 3586 ips
3407 3535 3429 3570 s

1861 3613 2286 3673 comitabantur,
2330 3611 2653 3665 cedentibus
2713 3610 3131 3677 missilibusque
3197 3611 3428 3678 repulsis

1861 3704 1928 3756 ad
1955 3704 2148 3758 classis
2178 3703 2372 3757 ducem
2439 3701 2838 3755 adducuntur:
2895 3715 3035 3770 quos
3086 3701 3137 3754 in
3207 3702 3428 3753 lrit‘t'tttv

1857 3810 1979 3849 cum
2007 3797 2334 3865 accepisset,
2359 3793 2591 3848 sublatis
2633 3791 2914 3857 anchoris,
2985 3793 3231 3861 velisque
3258 3793 3426 3860 exp'i-

1856 3888 1994 3942 catis
2027 3887 2277 3942 Rhodum
2314 3901 2504 3940 versus
2536 3887 2779 3956 navigat.
2814 3885 2948 3940 Illuc
2983 3895 3271 3955 postquam
3330 3887 3427 3939 ad-

1857 3995 2074 4044 venere,
2097 3980 2279 4034 urbem
2307 3977 2680 4048 proculvisam
2706 3977 2878 4032 oculis
2908 3979 3161 4042 lustrant,
3190 3979 3242 4031 in
3271 3989 3424 4046 portu

1856 4087 2022 4125 naves
2046 4087 2269 4140 magnas
2304 4081 2449 4125 stare
2481 4073 2545 4125 ad
2571 4072 2687 4126 acie
2742 4072 3139 4139 experiundum
3187 4083 3422 4139 paratas,

1857 4163 2160 4232 urbemque
2191 4163 2424 4230 amplam
2465 4161 2918 4230 deprehendunt;
2965 4176 3219 4231 eamque,
3261 4176 3425 4229 quam

1851 4252 2066 4317 Chium,
2103 4253 2299 4329 bellico
2333 4261 2598 4322 apparatu
2623 4253 2789 4321 duplo
2835 4252 3265 4307 instrnctiorem
3312 4255 3413 4306 rati

1854 4347 1920 4399 ad
1952 4345 2124 4400 Coum
2150 4346 2384 4400 insulam
2416 4347 2640 4399 navium
2679 4359 2903 4400 cursum
2936 4345 3203 4415 dirigunt.
3241 4346 3296 4399 In
3343 4345 3426 4398 in-

1853 4439 2023 4490 eulam
2067 4437 2323 4507 expositi,
2357 4438 2635 4492 desertum
2662 4437 2922 4506 oppidum
2985 4439 3152 4500 nacti,
3211 4436 3424 4491 residua

1775 4514 1828 4573 Ῑ)
1856 4526 1931 4582 illi
1967 4530 2183 4583 inventa
2248 4529 2526 4597 diripuere
2568 4547 2579 4580 :
2614 4543 2849 4598 cumque
2877 4527 2930 4582 itt
2976 4545 3135 4585 senes
3190 4531 3423 4599 aliquos.

1848 4621 2162 4689 vetulasqne
2195 4621 2542 4681 incidissent,
2583 4619 2650 4673 ab
2687 4620 2765 4674 eis
2794 4620 3172 4686 sciscitantur,
3223 4637 3332 4690 quo
3369 4638 3424 4676 se

1845 4712 2098 4781 oppidani
2124 4714 2468 4781 receperint:
2508 4711 2837 4780 respondere
2871 4713 2982 4778 isti,
3045 4714 3098 4766 in
3137 4714 3294 4766 aliam
3342 4731 3425 4767 ar-

1846 4819 1964 4858 cem
1996 4801 2256 4857 Rachiam
2289 4803 2513 4866 dictam,
2545 4813 2730 4873 utpote
2761 4805 3091 4864 tutissimam
3126 4819 3188 4859 ac
3205 4805 3423 4859 validis-

1845 4899 2063 4959 simam,
2089 4911 2184 4951 eos
2215 4894 2516 4961 aufugisse,
2546 4911 2714 4965 quare
2741 4911 2925 4951 secum
2958 4897 3161 4952 avectis
3190 4897 3310 4950 istis
3339 4913 3424 4951 se‘

1853 4991 2015 5044 nihus
2038 4987 2299 5042 Richiam
2320 4988 2515 5042 classis
2547 4989 2902 5057 provehitur:
2958 4997 3010 5041 et
3062 5003 3331 5043 exscensu
3371 4989 3420 5042 in

1850 5091 2048 5136 terram
2083 5081 2249 5143 facto,
2278 5082 2396 5134 loca
2421 5080 2669 5134 tentoriis
2693 5081 2934 5146 capiunt.
2965 5079 3239 5136 Postridie
3280 5096 3420 5149 prae-

1856 5172 2118 5227 sidiarios
2151 5171 2215 5225 ad
2235 5171 2567 5225 deditionem
2594 5185 2688 5237 per
2718 5176 3135 5226 caduceatorem
3185 5177 3421 5241 compcl-

1376 5339 1660 5402 lsmaclis
1694 5338 1995 5400 Bullialdi
2035 5345 2217 5400 natm.

248 5485 358 5556 (20)
399 5487 468 5538 ’0
514 5485 760 5558 Ἕᾳχεία
795 5487 1057 5558 ,λέγετα-ι.
1098 5488 1241 5542 Idem
1278 5489 1613 5543 Bosins»lib.
1649 5507 1745 5558 νη,

161 5558 236 5612 ad
271 5571 474 5608 annum
508 5555 671 5619 1455,
710 5557 776 5608 de
817 5558 960 5611 bello
998 5556 1227 5611 Rhodiis
1261 5559 1470 5612 indicto
1502 5601 1514 5621 ,
1549 5569 1600 5611 et
1627 5555 1742 5613 mu;

165 5639 290 5682 mto
312 5635 496 5698 castro
525 5625 901 5698 Narangiztitt
948 5627 1129 5680 insula
1192 5628 1327 5692 Coo,
1390 5645 1513 5697 quae
1568 5628 1748 5698 Lange

167 5698 334 5761 \ttlgo
363 5694 566 5747 dicitur
590 5712 612 5766 7:
649 5695 851 5766 Mando
884 5696 920 5746 il
968 5699 1176 5766 general
1227 5700 1309 5750 del
1343 5694 1505 5757 mare.
1556 5715 1652 5752 ron
1687 5694 1752 5752 ἰε

169 5767 358 5836 galere
391 5775 437 5836 et
468 5765 598 5836 altri
624 5765 1069 5836 vascelliarmati
1097 5767 1238 5819 delia
1269 5769 1521 5836 religione
1571 5786 1600 5819 α
1635 5786 1756 5831 υνυ-

170 5832 363 5889 cedere
396 5832 445 5885 la
479 5834 712 5907 fortene
747 5837 801 5884 di
827 5833 1107 5907 Nurnngia
1166 5832 1427 5890 uell’isolu
1456 5841 1507 5890 di
1549 5837 1754 5907 Longo.

177 5906 388 5959 [inclita
423 5915 471 5957 et
505 5903 772 5970 Narangia
801 5905 1042 5968 eiusdem
1105 5908 1203 5960 loci
1263 5911 1552 5968 appellatio
1588 5903 1685 5961 cst'
1727 5926 1751 5960 ιι

1860 5490 2028 5545 variis
2062 5489 2401 5554 nationibus,
2443 5492 2809 5548 diversimode
2870 5505 3174 5549 enuntiata.
3211 5495 3418 5550 Notan-

1861 5563 1989 5614 dum
2043 5569 2225 5613 autem
2262 5569 2316 5612 et
2345 5561 2565 5615 Bosium
2599 5578 2743 5617 anno
2779 5563 2916 5617 1457
2969 5566 3195 5629 referre,
3222 5568 3417 5621 obses-

1856 5648 1976 5686 sntn
2013 5629 2182 5684 fuisse
2237 5643 2265 5680 a
2299 5629 2491 5684 Turcis
2533 5637 2626 5698 per
2681 5633 2751 5685 ‘20
2781 5634 2898 5688 dics
2935 5645 3176 5690 castrum
3223 5638 3416 5691 Landi-

1857 5702 2167 5761 Inachium;
2238 5713 2399 5764 quam
2438 5701 2781 5755 obsidionem
2827 5704 3013 5758 nescio
3056 5720 3181 5756 num
3227 5722 3287 5759 ea
3349 5710 3417 5761 sit

1857 5771 1924 5824 de
1984 5783 2086 5836 qua
2139 5769 2314 5820 Ducas
2366 5768 2468 5821 hoc
2525 5771 2642 5824 loco
2691 5773 2949 5835 disserit;
2988 5785 3041 5827 et
3080 5776 3312 5830 fortasse
3364 5779 3415 5830 in

1863 5841 2079 5895 nomine
2109 5839 2208 5890 loci
2244 5852 2396 5891 error
2431 5839 2708 5893 admissus
2736 5843 2803 5894 ab
2867 5846 3129 5897 altetutro
3162 5842 3342 5908 fuerit,
3364 5859 3416 5900 ct

1869 5929 1896 5962 ει
1940 5909 2098 5963 Bosio
2138 5908 2338 5961 biennii
2374 5911 2872 5967 pat‘acltttmismus.
