4144 6444
260 511 321 566 '0
341 511 392 562 δὲ
424 508 643 578 ἡγεμὼν
677 510 894 580 ἀπάρας
924 511 1031 564 ἀπὸ
1079 511 1329 574 Βιθυνίας
1363 509 1525 581 ἦλθεν

250 604 419 674 κύραν
443 603 542 670 τῆς
575 603 859 668 Γαλατίας,
926 606 1085 658 κάκεῖ
1145 607 1242 668 τὰς
1289 608 1492 674 σκηνάς
1547 608 1744 673 πήξας,
1784 606 1810 656 ὁ

249 700 342 764 τῆς
390 695 638 764 Σινώπης
669 698 898 766 ἡγεμὼν
929 698 1144 762 στείλας
1200 702 1291 752 τὸν
1325 701 1440 753 υἱὸν
1473 697 1639 753 αὑτοῦ
1673 699 1812 766 μετὰ

252 789 508 858 πλείστης
561 791 920 859 δωροφορίας,

247 879 503 943 δουλικῶς
548 882 980 951 προσεκύνησεν.

1003 794 1097 844 καὶ
1178 796 1498 860 προῦπαντή
1508 810 1605 853 σας
1663 790 1813 854 αὑτῷ

1055 882 1113 938 Ὀ
1145 885 1203 935 δὲ
1265 884 1559 948 ὑπεδέξατο
1620 881 1813 934 τοῦτον

252 970 522 1036 ἀσμένως,
581 972 676 1023 καὶ
736 971 803 1024 τὰ
846 972 922 1041 τῷ
974 975 1088 1042 ἰδίῳ
1149 975 1320 1040 πατρὶ
1389 975 1813 1042 μηνυθησὸμενα

249 1057 404 1110 τοῦτο
440 1063 768 1129 ἀπήγγειλε,
807 1065 897 1115 καὶ
929 1064 1096 1116 αὑτὸν
1123 1065 1199 1126 ὼς
1243 1064 1472 1132 ἄγγελον
1505 1065 1610 1116 τῶν
1643 1066 1782 1134 ρηθη
1803 1096 1815 1106 -

250 1152 494 1219 σομὲνων
522 1155 696 1207 πάντα
734 1159 983 1220 κατεῖπε,
1035 1157 1243 1224 λέγων·
1305 1158 1699 1226 Ἀνάγῖ-ειλον
1737 1157 1816 1220 τῷ

251 1244 428 1308 πατρί
457 1259 594 1310 σου,
624 1244 712 1298 ὅτι
761 1247 875 1313 τὴν
919 1247 1200 1315 Σινώπην
1226 1250 1526 1319 ,βούλομαι
1557 1253 1689 1318 (55)·
1719 1250 1817 1302 καὶ

249 1335 300 1385 εί
327 1334 444 1398 μὲν
468 1336 694 1400 ταύτην
745 1337 1071 1405 ἐλευθέρως
1131 1341 1453 1408 παράσχοι,
1505 1341 1666 1409 κάγὼ
1717 1357 1817 1407 χα-

243 1425 490 1493 ριέντως
529 1427 909 1480 ἁνταποδίὸω
968 1430 1129 1494 αὐτῷ
1189 1439 1306 1497 τὴν
1359 1433 1661 1501 ἐπαρχίαν
1709 1431 1817 1499 τῆς

249 1520 787 1585 Φιλιππουπόλεως
812 1538 825 1550 ·
851 1525 910 1574 εὶ
948 1523 1016 1575 δὲ
1033 1523 1126 1588 οὒ,
1176 1523 1424 1593 ἔρχομαι
1452 1526 1625 1592 ταχύ.
1673 1527 1731 1578 '0
1763 1527 1818 1578 δὲ

251 1606 438 1668 στόλος
463 1606 549 1658 διὰ
569 1608 668 1674 τῆς
707 1607 987 1677 θαλάσσης
1029 1611 1130 1678 τῆς
1161 1611 1435 1680 Ποντικῆς
1469 1612 1709 1678 ἔφθασεν
1763 1612 1819 1662 ὲν

249 1700 484 1770 Σινώπῃ.
527 1699 589 1756 Ὀ
636 1701 753 1764 υίὸς
792 1701 846 1754 δὲ
888 1703 980 1755 τοῦ
1013 1702 1238 1771 Ίσμαὴλ
1265 1705 1536 1772 ἡγεμόνος
1572 1705 1671 1769 τῆς
1727 1703 1818 1754 Σι-

249 1791 438 1861 νώπης
471 1787 605 1861 ἦλθε
640 1795 774 1862 πρὸς
807 1794 899 1847 τὸν
927 1797 1144 1864 πατέρα
1177 1795 1366 1859 αὑτοῦ,
1409 1796 1508 1847 καῖ⁵
1561 1796 1819 1864 ἀνήγγει-

1428 394 1802 458 HISTORIA
1847 393 2290 452 BYZANTiNA.

1575 516 1652 573 εἰς
1682 513 1807 576 Ἀγ-
1841 516 1881 567 Α
1919 519 2178 577 tyrannus
2211 507 2410 559 certior
2452 505 2648 567 lactus,

1913 613 1980 653 eo
2008 597 2312 652 contendit.
2347 595 2536 649 lsmael
2585 595 2750 647 animi
2809 609 3026 661 anceps,
3079 593 3199 661 opis
3262 606 3325 644 ac
3358 606 3495 646 eon-

3358 379 3488 446 11θὲ

2727 503 2969 556 terrestri
3025 515 3243 570 quoque
3296 500 3492 556 itinere

1917 690 2022 744 silii
2055 704 2279 758 egenus,
2312 687 2514 756 Sinope
2577 687 2630 740 in
2687 701 2974 739 occursuro
3013 687 3132 752 ejus
3182 685 3489 754 egreditur,

1917 797 1980 835 ac
2004 781 2277 834 submisse
2305 780 2516 833 adorat.
2548 782 2591 830 A
2633 787 2869 849 tyranno
2886 778 3116 831 comiter
3148 778 3490 847 benigneque

1916 856 2220 942 susceptus,
2249 875 2540 943 iussusque
2559 887 2748 926 omnes
2778 873 3065 926 thesauros
3093 885 3222 924 suos
3254 871 3491 933 auferre,

1917 984 2106 1038 equos,
2137 968 2341 1032 mulos;
2361 967 2600 1022 camelos
2627 975 2936 1033 caeteraque
2991 973 3295 1033 asportare,
3347 981 3495 1032 qum-

1919 1078 2135 1130 cuuque
2168 1061 2220 1114 in
2257 1062 2470 1114 horreis
2502 1068 2555 1112 et
2579 1075 2718 1126 penu
2778 1059 3026 1119 habebat,
3076 1073 3379 1125 omnesque
3429 1056 3496 1110 de

1918 1157 2025 1212 illis
2051 1154 2348 1222 quidquam
2386 1161 2732 1207 contrectare
2768 1151 2943 1202 vetiti.
2966 1150 3148 1203 Rebus
3173 1165 3301 1216 ergo
3331 1149 3492 1201 Sino-

1923 1247 2342 1316 peusibusrei-te
2358 1243 2702 1306 constitutis,
2732 1251 2964 1309 praetore
2987 1242 3108 1295 urbi
3142 1259 3249 1295 uno
3293 1244 3502 1296 manci-

1919 1339 2133 1406 piorum
2167 1353 2386 1390 suorum
2423 1337 2698 1402 imposito,
2739 1335 3012 1386 Armenia:
3048 1334 3312 1387 interiora
3347 1334 3499 1401 petit.

1921 1433 2130 1486 Interea
2167 1433 2461 1501 prandimus
2521 1432 2775 1498 princeps
2834 1428 3198 1482 Usuu-Hasan
3255 1427 3497 1484 Persidis

1923 1526 2057 1580 ﬁnes
2093 1533 2383 1578 montanos
2417 1538 2539 1577 cum
2575 1522 2693 1577 suis
2729 1532 3114 1590 occupaverat.
3180 1523 3499 1590 viribusque

1923 1618 2167 1679 inferior,
2200 1631 2361 1683 qnam
2404 1621 2463 1668 ut
2521 1615 2641 1667 acie
2703 1629 3037 1668 concurrere
3092 1629 3215 1667 cum
3253 1625 3494 1683 tyranno

1925 1717 2126 1780 posset,
2162 1707 2272 1760 illic
2296 1717 2510 1773 tempus
2529 1706 2875 1772 transigebat.
2902 1710 3193 1775 Peragrata
3243 1706 3500 1759 Armenia

1924 1801 2195 1868 Phasique
2253 1797 2480 1852 ﬂumine
2560 1808 2863 1866 snperato,
2927 1797 3180 1864 regiones
3234 1799 3499 1865 quasdam

248 1881 341 1934 λεν
381 1882 530 1950 αὐτῷ
560 1883 741 1936 πάντα
771 1884 840 1937 τὰ
869 1885 1174 1954 λαληθέντα
1207 1886 1360 1955 παρά
1397 1886 1492 1937 τοῦ
1525 1885 1811 1952 τυράννου.

1933 1890 2369 1958 ιθὺθιιανίῑλίίιε,
2403 1890 2542 1943 alias
2589 1903 2712 1941 cum
2742 1887 2994 1953 subigere
3051 1904 3159 1940 non
3209 1890 3500 1956 potuisset.

248 1973 526 2042 Τύραννος
556 1975 612 2028 δὲ
647 1975 836 2044 μαθὼν
863 1976 962 2047 τὴν
997 1978 1264 2031 ἀνάϐασιν
1292 1977 1388 2031 τοῦ
1438 1980 1630 2032 στόλου
1661 1999 1819 2049 γεγο-

249 2066 408 2116 νυῖαν
461 2066 519 2116 ὲν
557 2065 800 2135 Σινώπη,
851 2067 941 2120 καὶ
975 2068 1139 2130 αὑτὸς
1172 2068 1261 2121 διὰ
1326 2069 1498 2139 ξηρᾶς
1532 2073 1616 2132 εἰς
1651 2071 1819 2141 αὑτὴν

251 2154 475 2208 ὥδευεν.
511 2155 570 2223 'Q
599 2155 644 2208 δ’
676 2156 905 2226 Ἰσμαὴλ
938 2159 1226 2229 ἀπορήσας
1269 2160 1465 2229 ἐξῆλθε
1524 2164 1624 2231 τῆς
1657 2165 1822 2218 Σινώ-

255 2263 386 2314 πης,
419 2247 513 2300 καὶ
551 2251 982 2320 προῦπαντήσας
1016 2251 1167 2319 αὑτῷ
1199 2253 1292 2306 καὶ
1340 2253 1604 2317 δουλικῶς
1657 2273 1824 2326 προσ-

253 2340 516 2406 κυνήσας.
563 2342 886 2405 ’Λσπασίως
916 2343 1078 2395 αὑτὸν
1109 2347 1138 2395 ὁ
1167 2345 1430 2415 τύραννος
1507 2348 1822 2412 ὑπεδέξατο,

255 2432 519 2494 κελεύσας
538 2433 747 2496 πάντας
768 2437 892 2498 τοὺς
921 2435 1232 2506 θησαυροὺς
1256 2437 1422 2491 αὑτοῦ
1485 2440 1695 2503 λαϐεῖν,
1728 2445 1823 2494 καὶ

251 2525 477 2588 ἵππους,
512 2526 604 2576 καὶΙ
635 2526 918 2595 ἡμιόνους,
947 2530 1038 2580 καὶ
1066 2528 1370 2598 καμήλους,
1401 2533 1493 2585 καὶ
1521 2531 1647 2583 ἄλλο
1695 2533 1749 2585 εί
1775 2550 1825 2585 τι

252 2614 445 2677 ἐντοῖς
478 2616 643 2668 αὑτοῦ
674 2615 925 2684 ταμείοις
956 2617 1238 2689 ἐκέκτητο,
1287 2620 1380 2672 καὶ
1417 2620 1492 2690 μὴ
1546 2622 1828 2691 προσψαῦ-

264 2706 357 2758 σαί
386 2706 467 2769 τίς
491 2723 543 2760 τι
569 2706 678 2760 τῶν
705 2707 892 2763 αὑτοῦ.
927 2708 1038 2778 Τὴν
1069 2709 1319 2778 Σινώπην
1373 2707 1465 2764 οὖν
1522 2713 1704 2775 καλῶς
1737 2715 1827 2780 ἐγ-

253 2801 635 2867 καταστήσας,
668 2802 766 2853 καὶ
793 2800 1039 2869 ἡγεμόνα
1086 2801 1182 2854 ἕνα
1237 2802 1349 2855 τῶν
1401 2804 1606 2858 δούλων
1661 2807 1826 2858 αὑτοῦ

253 2890 643 2958 χειροτονήσας
669 2890 954 2956 αὑτὸς,είς
992 2889 1064 2948 τὰ
1101 2892 1200 2960 τῆς
1252 2892 1544 2962 ’Δρμενίας
1576 2894 1830 2965 ὲνδότερα

253 2981 477 3052 ὲχώρει.
525 2980 586 3037 '0
607 2982 662 3034 δὲ
687 2983 1025 3054 προῤῥηθεὶς
1045 2984 1258 3047 Οὑζοῦν
1279 2987 1468 3040 Χασάν
1494 2988 1723 3057 ήγεμὼν
1749 2992 1828 3053 εἰς

252 3074 324 3125 τά
353 3072 452 3138 τῆς
488 3073 749 3142 Περσίδος
783 3075 908 3143 ὅρια
941 3077 1132 3128 ὲπάνω
1156 3076 1327 3145 ὀρέων
1364 3079 1461 3130 σὺν
1506 3081 1618 3141 τοῖς
1661 3079 1829 3131 αὑτοῦ

250 3162 512 3231 διέτριϐε,
575 3163 648 3233 μὴ
694 3164 831 3232 ἔχων
882 3165 1038 3233 ίσχὺν
1092 3168 1594 3236 καταπροσωπίσαι
1639 3170 1716 3238 τῷ
1741 3187 1834 3223 τυ-

1932 1981 2281 2041 trauscurrit,
2305 1987 2544 2033 montem
2575 1979 2880 2032 Caucasum
2908 1980 3078 2032 multo
3109 1978 3318 2041 labore.
3348 1982 3501 2034 ciba-

1930 2075 2138 2128 riorum
2166 2080 2221 2128 et
2282 2071 2725 2126 necessariorum
2776 2071 3002 2138 penuria
3034 2079 3246 2126 artatus
3275 2087 3507 2141 snpera-

1929 2165 2024 2228 vit,
2057 2162 2400 2229 Colcliosqtre
2428 2160 2666 2216 devenit.
2707 2159 3108 2229 Trapezuntem
3159 2177 3285 2215 cum
3320 2178 3507 2218 acces-

1932 2255 2122 2321 sisset,
2143 2255 2291 2307 illius
2319 2254 2634 2322 imperatori
2658 2269 2752 2322 pcr
2772 2253 3016 2307 nuntium
3041 2255 3232 2308 borum
3253 2258 3506 2324 alterum,

1932 2343 2077 2414 quod
2108 2343 2297 2398 melius
2329 2343 2432 2396 sibi
2467 2345 2835 2396 :rstimatione
2857 2345 3163 2410 metiretur,
3194 2347 3505 2414 eligendum

1933 2434 2194 2506 proponit
2223 2450 2235 2485 :
2264 2435 2342 2486 vel
2371 2446 2429 2486 se
2456 2435 2629 2495 salvo,
2658 2433 2916 2487 erunibus
2958 2435 3234 2490 tbesauris
3273 2440 3386 2493 suis
3425 2456 3510 2492 ar—

1935 2529 2102 2596 genti,
2128 2525 2270 2588 auri,
2297 2525 2422 2578 a:ris
2460 2533 2898 2593 caeterarumque
2924 2543 3128 2590 rerum,
3150 2531 3324 2585 servis
3342 2534 3506 2586 etiam

1934 2631 1987 2673 et
2018 2618 2232 2673 ancillis
2287 2618 2549 2686 omnique
2580 2616 2683 2669 alia
2715 2618 3056 2686 supellectile
3109 2622 3356 2690 integris,
3412 2627 3513 2678 iiii-

1936 2707 2146 2777 periuin
2174 2715 2408 2776 tyranno
2449 2706 2796 2775 relinquere;
2854 2711 2938 2762 vel
2988 2725 3110 2763 cum
3143 2713 3370 2782 imperio
3405 2718 3512 2771 ista

1933 2801 2119 2853 omnia
2159 2797 2319 2869 194
2345 2811 2472 2852 Cum
2503 2799 2613 2851 vita
2637 2798 2905 2852 amittere.
2938 2799 3030 2854 His
3083 2803 3285 2859 auditis
3344 2807 3516 2876 impe-

1937 2898 2087 2943 rator
2118 2892 2252 2944 urbe
2276 2890 2411 2954 exit,
2444 2889 2709 2957 illumque
2746 2891 2959 2944 adorat.
2995 2892 3201 2948 Classis
3253 2895 3509 2966 equidem

1938 2983 2126 3035 multis
2151 2982 2259 3050 jam
2285 2981 2479 3036 diebus
2502 2980 2702 3051 Sinope
2729 2985 2987 3050 solverat,
3027 2995 3080 3039 et
3107 2986 3512 3058 Trapezuntem

1938 3070 2164 3137 appulsa
2194 3070 2533 3139 quotidianis
2565 3072 2766 3139 praeliis
2805 3074 2997 3128 urbem
3023 3075 3232 3132 frustra
3269 3090 3518 3136 tentave-

1941 3169 2048 3224 rat,
2073 3162 2246 3216 donec
2269 3169 2534 3228 tyrannus
2572 3165 2824 3218 terrestri
2853 3166 3192 3234 profectione
3224 3185 3289 3225 eo
3336 3174 3517 3227 venis.

255 3255 460 3323 ράννῳ.
509 3256 761 3324 Περάσας
793 3257 849 3309 δὲ
873 3256 971 3325 τὴν
1014 3258 1334 3327 ’Δρμενίαν,
1373 3261 1466 3313 καὶ
1516 3261 1709 3325 διαϐὰς
1734 3263 1825 3316 τὸν

1936 3261 2038 3307 εει.
2062 3251 2210 3308 Urbe
2236 3254 2747 3325 itaqueimperator
2784 3274 2954 3314 uxore
3007 3275 3070 3315 ac
3102 3262 3288 3317 liberis
3347 3266 3517 3318 comi-

250 3346 459 3401 Φάσιδα
485 3349 729 3417 ποταμὸν
761 3348 898 3418 (36),
932 3347 1115 3420 χώρας
1172 3351 1274 3413 τάς
1312 3353 1412 3421 μὲν
1468 3347 1604 3419 εἷλε,
1637 3356 1736 3416 τὰς
1770 3355 1827 3406 δὲ

248 3440 316 3491 οὐ
351 3439 601 3509 δυνηθεὶς
645 3441 991 3510 παρέδραμε,
1029 3445 1126 3496 καὶ
1148 3443 1215 3494 τά
1250 3445 1544 3498 Καυκάσια
1570 3446 1670 3516 ὅρη
1690 3447 1829 3515 μετά

250 3531 454 3583 πολλοῦ
492 3532 586 3584 τοῦ
628 3532 797 3585 κόπου
826 3533 1045 3602 καὶτῆς
1097 3535 1444 3605 ὑστερήσεως
1493 3538 1604 3590 τῶν
1659 3539 1830 3605 ἀναγ-

251 3622 430 3675 καίων
457 3622 666 3686 ἀναϐὰς
723 3623 995 3693 κατῆλθεν
1030 3626 1110 3687 εἰς
1168 3626 1430 3695 Κόλχους.
1482 3629 1591 3680 Καὶ
1637 3629 1700 3698 δὴ
1751 3632 1830 3693 είς

251 3714 650 3782 Τραπεζοῦντα
680 3715 795 3785 (57)
831 3714 1072 3769 ἀνελθὼν
1108 3717 1318 3786 πέμπει
1345 3718 1422 3786 τῷ
1453 3719 1667 3786 βασιλεῖ
1685 3722 1829 3790 Τρα-

255 3807 553 3871 πεζοῦντος
583 3811 645 3861 ὲκ
674 3808 784 3861 τῶν
808 3808 901 3861 δύο
932 3808 1148 3863 ἑλέσθαι
1199 3810 1260 3862 τὸ
1291 3813 1564 3879 κρεῖττον,
1587 3812 1620 3880 ἦ
1650 3829 1831 3880 παρα-

253 3899 442 3953 δοῦναι
473 3900 575 3970 τὴν
612 3901 895 3970 βασιλείαν
940 3901 1017 3970 τῷ
1049 3901 1300 3971 τυράννῳ
1343 3904 1471 3957 ἄνευ
1507 3903 1709 3972 ζημίας
1735 3906 1831 3956 αύ-

254 3989 354 4044 τοῦ
419 4007 568 4052 τινος
625 3993 687 4043 ἐκ
722 3992 830 4044 τῶν
885 3993 1245 4061 ὑπαρχόντων
1289 3994 1444 4062 αὑτῷ
1513 3994 1828 4062 θησαυρῶν,

248 4081 548 4152 ἀργύρου,
600 4081 826 4150 χρυσοῦ,
890 4079 1095 4150 χαλκοῦ
1159 4085 1252 4134 καὶ
1311 4082 1569 4134 παντοίου
1651 4083 1829 4144 εἴδους

249 4174 441 4240 ἄλλου,
508 4174 713 4228 δούλων
745 4191 806 4226 τε
861 4176 955 4228 καὶ
989 4174 1267 4238 δουλίδων,
1310 4174 1405 4226 καὶ
1454 4175 1635 4243 πάσης
1664 4175 1830 4244 ἄλλης

251 4267 485 4336 κινητῆς
516 4267 872 4329 ὑποστάσεως
896 4281 910 4295 ⁸
945 4267 977 4336 ἢ
1012 4268 1108 4320 σὺν
1148 4270 1215 4337 τῇ
1245 4267 1495 4337 βασιλείᾳ
1529 4270 1621 4320 καὶ
1656 4268 1829 4322 ταῦτα

251 4359 458 4423 πάντα,
486 4359 581 4412 καὶ
632 4359 733 4427 τὴν
793 4358 939 4428 ζωὴν
999 4359 1386 4428 ἀφαιρεθῆναι.
1461 4358 1727 4422 Ἀκούσας
1777 4361 1830 4412 δὲ

249 4447 430 4502 ταῦτα
464 4451 492 4502 ὁ
519 4450 794 4520 βασιλεὺς,
828 4449 1064 4512 ἔξελθὼν
1121 4451 1346 4502 πανοικὶ
1395 4451 1827 4520 προσεκύνησεν.

249 4535 368 4592 Ἦν
407 4541 512 4610 γὰρ
534 4543 562 4593 ὁ
600 4542 786 4604 στόλος
821 4543 927 4610 πρὸ
968 4541 1180 4594 πολλῶν
1215 4541 1440 4611 ἡμερῶν
1478 4542 1698 4609 ἀπάρας
1725 4543 1832 4595 ἀπὸ

252 4632 508 4703 Σινώπης
543 4636 622 4695 εἰς
653 4633 1075 4703 Τραπεζοῦντα,
1109 4633 1244 4685 ἀλλά
1275 4635 1366 4687 καὶ
1399 4634 1652 4702 πολεμῶν
1709 4636 1832 4686 καθ’

251 4725 498 4791 ἑκάστην
531 4724 685 4777 οὐδὲν
744 4725 928 4793 ήνυεν,
979 4723 1082 4786 ἓως
1115 4721 1142 4774 δ
1198 4722 1459 4792 τύραννος
1516 4723 1605 4775 διά
1661 4723 1831 4793 ξηρᾶς

253 4815 627 4884 κατήντησεν.
688 4814 955 4879 Ἐξελθὼν
1015 4814 1068 4866 δι
1106 4815 1133 4866 δ
1161 4814 1443 4882 ’βασιλεὺς
1477 4816 1574 4868 σὺν
1611 4817 1832 4882 γυναικὶ

252 4905 354 4956 καὶ
410 4909 624 4968 τέκνοις
671 4905 1075 4974 προσεκύνησε.
1125 4903 1232 4958 Ἦν
1277 4906 1333 4958 δὲ
1386 4901 1539 4968 οὗτος
1598 4906 1763 4958 Δαϐὶδ
1803 4908 1829 4958 ὁ

249 4995 567 5062 Κομνηνὸς,
598 4995 714 5056 υίὸς
753 4993 997 5057 Ἀλεξίου
1027 4992 1120 5046 τοῦ
1175 4993 1488 5062 Κομνηνοῦ,
1526 4994 1620 5046 καὶ
1673 4993 1829 5047 ἀδελ-

1863 4589 1910 4648 D

1933 3345 2176 3400 tantibus
2213 3348 2476 3410 excessit,
2512 3357 2565 3403 et
2620 3350 2771 3404 illum
2827 3362 3125 3407 veneratus
3186 3366 3288 3408 est.
3346 3355 3515 3411 David

1932 3435 2245 3494 Comnenus
2311 3441 2722 3509 appellabatur,
2797 3443 2973 3498 Alexii
3029 3444 3291 3504 Comneni
3347 3450 3514 3507 ﬁlius.

1932 3527 2161 3584 Joannis
2188 3530 2500 3587 decessoris
2529 3534 2616 3587 sui
2655 3533 2828 3588 frater
2858 3551 2873 3596 ;
2932 3551 3052 3590 cum
3081 3547 3192 3590 tota
3215 3548 3373 3607 gente
3419 3557 3515 3594 sua

1934 3623 2161 3687 soceris,
2198 3625 2481 3678 avunculis
2513 3635 2566 3680 et
2597 3627 2888 3695 nepotibus
2929 3627 3064 3690 suis,
3096 3647 3331 3698 cumque
3374 3633 3521 3701 pala-

1934 3713 1996 3766 tii
2028 3715 2306 3769 nobilibus
2331 3725 2382 3769 et
2417 3718 2739 3784 proceribus
2767 3759 2782 3784 ,
2838 3719 3068 3789 singulis
3125 3723 3516 3789 supellcctilem

1934 3818 2090 3858 suam
2125 3807 2736 3868 secumanferentibus.
2809 3809 3179 3866 immobilibus
3239 3813 3398 3866 bonis
3436 3830 3518 3869 re-

1933 3896 2104 3958 lictis,
2173 3895 2704 3966 Constantinopolim
2772 3901 3085 3954 triremibus
3159 3913 3345 3957 vectus
3410 3914 3516 3959 est.

1936 3985 2266 4041 Mebemetes
2298 3987 2663 4055 Trapezuntis
2687 3991 2846 4043 rebus
2880 3991 2979 4042 rite
3004 3996 3343 4060 compositis,
3371 4011 3519 4048 anno

1935 4078 2110 4132 solido
2138 4079 2188 4131 in
2224 4079 2313 4130 illa
2368 4081 2714 4148 expeditione
2747 4091 3050 4145 transacto,
3099 4099 3354 4138 revrrsus
3413 4099 3515 4142 est.

1935 4169 2094 4222 Anno
2125 4170 2262 4223 6970
2321 4170 2542 4239 (Cbristi
2590 4171 2748 4232 nos)
2785 4173 3078 4228 “'alaibim
3127 4175 3370 4229 Vnivodze
3422 4194 3520 4246 per

1936 4257 2350 4327 apocrisi-ariuni
2387 4259 2641 4328 injungil,
2669 4270 2721 4312 ut
2753 4261 2818 4314 ad
2850 4277 2907 4314 se
2931 4265 3297 4318 venerandum
3333 4282 3516 4332 prom-

1939 4359 2028 4416 pte
2067 4363 2129 4401 ac
2154 4349 2450 4418 diligenter
2477 4351 2720 4414 accedat,
2748 4352 3127 4408 adolescentes
3183 4357 3519 4424 quingentos

1937 4438 2196 4501 adducat,
2235 4455 2590 4509 annuumque
2622 4443 2883 4496 tributum
2919 4459 3209 4498 aureorum
3269 4464 3520 4503 nummo-

1938 4548 2058 4586 rum
2095 4533 2282 4587 decem
2326 4534 2496 4586 millia
2525 4534 2733 4588 afferat.
2794 4537 3103 4605 Respondet
3137 4539 3429 4595 \l’alacbus
3461 4559 3520 4597 se

1939 4639 2190 4679 nummos
2227 4639 2423 4678 aureos
2459 4626 2720 4680 solvendo
2752 4639 2974 4694 paratos
3029 4629 3226 4682 habere
3254 4669 3268 4692 ,
3328 4631 3542 4684 adoles-

1939 4726 2125 4769 centes
2161 4731 2288 4769 vero
2310 4717 2528 4770 tradere
2560 4733 2662 4769 non
2727 4733 2924 4786 posse:
2990 4720 3312 4788 impossibli
3361 4737 3523 4790 porro

1941 4809 2164 4875 propius
2195 4823 2341 4872 esse,
2378 4819 2435 4862 ut
2468 4809 2582 4879 ipse
2614 4810 2678 4862 ad
2710 4810 3051 4864 adorandum
3083 4812 3259 4866 abeat.
3303 4812 3397 4867 llis
3429 4829 3524 4866 an-

1940 4899 2092 4965 ditis,
2127 4910 2394 4969 tyrannus
2434 4910 2823 4969 exasperatus,
2887 4903 3180 4957 illustrium
3234 4919 3520 4973 procerum

1939 4993 2227 5063 quemdam
2286 4993 2487 5046 comite
2556 4992 2820 5060 adjuncto
2892 4997 3188 5047 sccritario
3259 4997 3521 5060 ιινεείητιι,

1483 5158 1770 5217 lsmaelis
1816 5157 2115 5218 Bullialdi
2161 5165 2345 5218 notae.

338 5309 447 5380 (55)
487 5310 602 5375 Τὴν
636 5311 913 5374 Σινώπην
936 5310 1255 5378 βούλομαι.
1293 5307 1585 5380 Laonicus.
1753 5320 1825 5367 ix,

241 5373 619 5456 Le_uiitiI_._|i|i.
655 5396 742 5439 xv.
773 5373 1058 5456 Pbranzes
1087 5373 1181 5434 lib.
1241 5396 1323 5440 ιιι,
1351 5374 1591 5456 eam”.
1628 5373 1830 5456 Sinope

242 5454 396 5503 urbs
467 5449 828 5517 lleleuopouti
904 5451 970 5504 ad
1027 5451 1254 5503 Pontum
1351 5448 1630 5499 Euxinum
1683 5448 1830 5507 sita,

235 5520 495 5578 Aniasiaa
543 5521 903 5588 metropolita!
945 5521 1074 5574 olim
1103 5521 1340 5588 subdita.

334 5588 444 5655 (56)
475 5584 1044 5658 Φάσιδοίποταμόν.
1077 5590 1268 5642 Pbasis
1295 5586 1490 5639 ﬂuvius
1537 5584 1840 5658 Culcbulis.

339 5653 449 5723 (37)
484 5659 590 5712 Καὶ
616 5659 692 5723 δὴ
717 5662 802 5722 εὶς
826 5653 1247 5727 Τραπεζοῦντα.
1281 5658 1683 5727 Comnenoruiu
1713 5653 1846 5727 Tra-

233 5724 894 5801 pesuntiumimperium
933 5745 1108 5801 annos
1126 5730 1229 5801 257
1264 5727 1596 5801 duravit._ab
1625 5724 1839 5801 Alexio,

233 5792 529 5861 buianno
586 5792 720 5850 HM
781 5803 967 5852 urbea
1027 5799 1235 5851 Latinis
1294 5806 1452 5864 capta
1509 5792 1840 5863 Trapezunti

585 5888 854 5947 PATROL.
886 5893 996 5947 Gs.
1043 5889 1272 5948 CLVII.

1940 5304 2139 5372 regiam
2171 5303 2353 5357 sedem
2381 5304 2686 5362 collocavit.
2719 5305 2781 5355 ad
2803 5303 2928 5355 Daii
2955 5303 3079 5363 leni,
3101 5301 3190 5368 qui
3219 5315 3362 5353 anno
3391 5302 3517 5354 HUI

1944 5389 1972 5426 a
2001 5374 2304 5426 Mebemete
2340 5373 2569 5438 imperio
2597 5374 2867 5439 Spniiulth
2904 5383 3006 5426 est.
3051 5373 3331 5436 'l‘rapezus
3393 5373 3523 5422 urbs

1948 5443 2158 5495 Lazicae
2185 5445 2528 5509 metropolis,
2564 5444 2710 5496 illius
2744 5443 2983 5508 regionis
3016 5440 3341 5493 iiii-oleazi
3366 5441 3524 5492 dii-ti.

1949 5512 2233 5567 Caucasus
2269 5526 2423 5566 u.ons
2461 5514 2783 5565 notissimus
2810 5523 2892 5564 est
2928 5514 2978 5562 in
3047 5519 3287 5564 veterum
3347 5510 3524 5573 libris,

1956 5585 2101 5634 inter
2129 5580 2396 5634 Euxinum
2421 5582 2653 5635 Pontum
2686 5591 2736 5635 et
2774 5598 2920 5633 utare
2947 5581 3202 5642 Caspium
3229 5594 3526 5631 excurrens

1958 5652 2609 5704 S.iriiiatiaiiiAsiaticam
2642 5654 2710 5705 ab
2770 5650 3215 5710 Albania,lberi:i
3287 5658 3341 5702 et
3402 5649 3531 5702 Col-

1954 5721 2112 5775 cbide
2142 5721 2511 5774 disterminat.
2548 5722 2740 5774 Colcbi
2791 5724 2951 5775 hodie
2992 5720 3142 5778 ιλιι,
3173 5720 3309 5773 lberi
3338 5727 3390 5773 et
3440 5719 3529 5771 Αι-

1955 5791 2080 5845 bani
2120 5791 2399 5858 Mengrelii
2425 5792 2787 5860 appellantur.

3087 5882 3165 5940 37
