4144 6444
266 432 397 497 1181
856 500 859 501 ν
1536 434 1902 497 CHRONICC

1868 436 1974 496 {ON
2007 439 2283 499 BREVE.
3365 434 3504 500 118⁵2

263 546 528 611 Γίνωσκε,
562 546 822 599 σουλτὰνε
858 566 980 617 μου,
1014 549 1095 601 ὅτι
1141 548 1357 618 μέλλεις
1392 550 1728 619 βασιλεῦσαι.
1770 554 1877 605 Καὶ
1909 554 2229 623 ἀποκριθεὶς
2256 557 2283 608 6
2340 553 2569 607 σουλτὰν
2599 553 2912 622 Σουλαιμὰν
2972 550 3127 607 εἶπεν
3189 552 3360 621 αὐτῷ,
3410 552 3501 603 Ἐν

265 635 417 705 πόσῳ
448 636 665 705 καιρῷ;
744 638 801 690 '0
849 639 903 690 δὲ
951 638 1203 708 Ἐϐραῖος
1259 641 1385 710 ἔφη,
1423 642 1563 711 Τρία
1589 644 1828 712 στοιχεῖα
1860 643 2207 712 γραμμάτων
2237 660 2304 711 με
2345 641 2635 696 διδάσκουν
2679 660 2691 673 ’
2727 644 2826 695 οὐκ
2894 643 3011 696 οἶδα
3044 645 3091 696 εἰ
3122 642 3309 713 χρόνοι
3336 638 3499 706 εἰσὶῆ

266 722 490 795 μῆνεςῆ
529 727 622 778 καὶ
643 725 708 778 τὰ
740 726 895 779 ἄλλα.
924 728 1036 779 Καὶ
1061 729 1233 783 ταῦτα
1257 729 1447 795 εἰπὼν,
1482 732 1575 784 καὶ
1612 731 1745 783 ἄλλα
1777 731 1874 781 ὅσα
1896 724 2036 801 ἦσαν
2082 732 2264 803 χρεία,
2296 730 2400 803 ἔφη
2432 731 2459 784 6
2491 730 2724 783 σουλτὰν
2779 731 3178 800 Σουλαιμάνης,
3212 731 3291 783 ὅτι
3321 746 3339 779 ι
3374 727 3503 779 Ἐὰν

265 808 591 884 βασιλεύσω.
614 818 771 871 δώσω
803 835 885 870 σοι
909 818 1081 887 λοφᾶν
1110 823 1232 875 ὅσον
1263 822 1447 891 θέλῃς.
1490 842 1506 872 ι
1537 822 1645 873 Καὶ
1674 821 1931 888 ἐποίησεν
1964 823 2109 893 αὑτῷ
2142 823 2423 893 ἔγγραφον
2467 821 2784 889 ὁμολογίαν·
2814 822 2908 873 καὶ
2940 821 3081 874 κατὰ
3099 823 3190 873 τὸν
3217 821 3379 883 λόγον
3404 814 3500 869 τοῦ

274 904 529 977 Ἐσραίου
565 906 940 969 ἐϐασίλευσεν,
974 910 1068 961 καὶ
1094 910 1205 962 τῶν
1238 910 1523 977 στοιχείων
1553 910 1970 979 ἀριθμουμένων
1999 912 2199 983 εὑρέθη
2228 912 2444 974 ἀληθῶς
2475 915 2500 964 6
2539 910 2812 979 Ἐϐραῖος.
2839 905 3043 962 ’Πλθεν
3075 908 3130 960 δὲ
3164 911 3191 960 6
3222 908 3499 975 Ἐϐραῖος,

262 997 357 1047 καὶ
394 996 625 1065 αἰτήσας
681 996 772 1047 τὸν
819 996 991 1065 λοφᾶν
1032 998 1174 1051 κατὰ
1216 998 1277 1049 τὸ
1333 998 1641 1066 ίδιόγραιρον
1676 1002 1769 1053 τοῦ
1817 1001 2070 1067 ἁφεντὸς,
2113 1005 2210 1054 καὶ
2237 999 2422 1052 λαϐὼν
2484 1000 2632 1063 αὐτὸ,
2675 999 2771 1051 καὶ
2812 997 2981 1059 ἄλλας
3014 996 3278 1057 πλείστας
3308 994 3497 1060 τιμάς.

274 1083 586 1153 Ἠρὼτησεν
616 1084 671 1137 δὲ
704 1085 867 1136 αὐτὸν
898 1089 1027 1153 περὶ
1057 1086 1156 1153 τῆς
1193 1085 1469 1153 βασιλείας
1490 1086 1652 1137 αὐτοῦ
1678 1086 1728 1138 τί
1762 1089 1946 1155 μέλλει
1992 1088 2266 1154 γενέσθαι.
2305 1088 2362 1139 Ὀ
2394 1087 2450 1139 δὲ
2495 1086 2743 1155 Ἐϐραῖος
2784 1085 2815 1156 ἢ
2882 1085 3049 1154 κακίᾳ
3091 1086 3414 1151 φερόμενος,
3461 1080 3495 1149 ἢ

262 1174 354 1223 καὶ
385 1171 601 1239 άληθῶς
628 1172 700 1234 ὡς
725 1173 1068 1226 ἑδιδάσκετον
1099 1173 1204 1225 ὑπὸ
1234 1174 1329 1237 τὰς
1362 1177 1619 1241 μαντείας
1652 1174 1838 1237 αὐτοῦ,
1878 1176 2003 1245 ἔφη,
2036 1177 2117 1228 ὅτι
2146 1178 2193 1228 ol
2218 1177 2555 1245 Χριστιανοὶ,
2589 1176 2722 1227 ὅπου
2760 1173 2897 1226 εἶναι
2932 1175 3024 1236 ¹εἰς
3054 1174 3152 1243 τὴν
3178 1172 3331 1224 πόλιν
3367 1170 3497 1237 μέλ-

260 1257 340 1310 λει
372 1257 494 1310 νοῦν
535 1261 795 1329 ποιήσουν
827 1260 1035 1325 στάσιν,
1073 1263 1164 1313 καὶ
1206 1260 1429 1331 βασιλέα
1464 1265 1610 1323 ὅστις
1639 1263 1723 1315 ἔνε
1754 1265 1851 1331 τὴν
1902 1266 2140 1332 σήμερον
2169 1266 2248 1325 εἰς
2276 1266 2375 1335 τὴν
2404 1265 2555 1316 πόλιν
2576 1281 2588 1294 ο
2633 1265 2725 1315 καὶ
2772 1263 2922 1314 αὐτοὶ
2949 1262 3048 1314 σὺν
3107 1260 3257 1328 αύτῷ
3285 1258 3351 1311 νὰ
3375 1274 3501 1309 στα-

262 1349 482 1399 σιάσουν
506 1348 645 1400 κατὰ
672 1348 766 1401 τοῦ
793 1348 886 1399 σοῦ
930 1350 1165 1419 κράτους
1196 1353 1289 1404 καὶ
1326 1352 1414 1404 διὰ
1452 1353 1612 1405 τοῦτο
1637 1353 1825 1420 πρόῖδε
1864 1354 1895 1421 ἡ
1939 1354 2185 1416 βασιλεία
2214 1372 2307 1408 σου
2356 1355 2423 1407 vi
2453 1353 2580 1413 τοὺς
2620 1352 2816 1420 κόψῃς,
2876 1351 2964 1401 ἴνα
3015 1350 3087 1418 μὴ
3124 1348 3379 1400 τελέσουν
3432 1347 3493 1397 τδ

260 1433 443 1499 ἔργον.
486 1435 544 1487 Ὀ
568 1436 623 1487 δὲ
648 1436 978 1504 συμϐούλιον
1004 1433 1228 1505 ἐποίησε
1282 1441 1423 1507 μετὰ
1460 1440 1569 1491 τῶν
1599 1442 2106 1510 πρωτοσυμόούὶων
2138 1444 2327 1506 αὑτοῦ,
2360 1444 2448 1497 ἵνα
2496 1443 2637 1514 κόψῃ
2670 1442 2798 1503 τοὺς
2836 1438 3218 1509 Χριστιανούς.
3273 1436 3380 1488 Καί
3410 1451 3498 1495 τις

259 1526 322 1575 ὲκ
353 1526 462 1575 τῶν
505 1525 848 1592 μεγιστάνων
868 1527 1032 1580 αὐτοῦ
1060 1528 1286 1597 ὀνόματι
1337 1529 1478 1598 Πυρὶ
1532 1530 1793 1593 Μπασιᾶς
1826 1532 2103 1603 ἀπέκοψεν
2135 1536 2297 1586 αὐτὸν
2325 1533 2425 1600 τῆς
2455 1516 2890 1599 αὒτῆςάθὲσμου
2915 1528 3010 1580 καὶ
3046 1527 3235 1579 ἀδίκου
3294 1521 3496 1591 ὁρμῆς.

260 1610 431 1661 εἰπὼν
455 1613 635 1682 αὐτῷ’
672 1632 689 1664 ι
722 1614 987 1667 Σουλτάνε
1025 1634 1146 1685 μου,
1174 1616 1242 1670 τὰ
1277 1617 1505 1671 τοιαῦτα
1539 1617 1748 1686 μεγάλα
1773 1618 2077 1688 πράγματα
2101 1620 2208 1673 ἀπὺ
2244 1620 2378 1673 Θεοῦ
2409 1621 2565 1671 εἰσιν·
2602 1621 2695 1672 καὶ
2723 1619 2771 1670 εί
2796 1618 2893 1683 μέν
2926 1617 3064 1668 εἰσιν
3103 1614 3210 1665 ἀπὸ
3245 1610 3404 1672 Θεοῦ,
3435 1607 3499 1660 οὐ

258 1698 541 1766 δυνάμεθα
575 1702 992 1773 ἐναντιωθῆναι,
1028 1705 1113 1758 ἵνα
1145 1705 1216 1773 μὴ
1236 1705 1550 1775 εὑρεθῶμεν
1576 1706 1668 1757 καὶ
1698 1706 1957 1775 θεομάχοι
1982 1726 1994 1737 ο
2030 1709 2078 1760 εί
2100 1708 2156 1761 δέ
2187 1710 2326 1761 εἰσιν
2351 1706 2409 1771 ἐξ
2440 1705 2767 1775 ἀνθρώπων,
2800 1706 2932 1772 ἄφες
2958 1704 3099 1771 ἡμᾶς
3120 1700 3246 1762 τοὺς
3280 1697 3499 1760 δούλους

260 1806 378 1850 σου,
414 1790 501 1842 ἵνα
537 1794 857 1862 ⁸ποιήσωμεν
890 1794 990 1863 τὴν
1022 1790 1322 1866 ἐκδίκησιν.
1370 1817 1388 1848 ι

330 1877 517 1948 Τούτῳ
550 1880 626 1949 τῷ
652 1880 762 1934 ἔτει
790 1882 988 1947 ἔδειξεν
1022 1885 1049 1935 6
1076 1884 1209 1946 Θεὸς
1239 1887 1462 1953 σημεῖον
1494 1885 1697 1937 τοιόνδε
1734 1886 1789 1936 ὲν
1830 1887 1896 1954 τῇ
1929 1886 2340 1937 Κωνσταντίνου
2362 1885 2515 1935 πόλει
2544 1886 2607 1952 τῇ
2649 1881 2859 1952 μεγάλῃ
2897 1877 3149 1947 κυριακῇ
3172 1872 3265 1928 τοῦ
3288 1872 3498 1939 Πάσχα·

255 1962 333 2015 ῙΓὸ
380 1966 735 2033 μεσονύκτιον
768 1971 1085 2041 ἠγέρθησαν
1120 1974 1170 2025 οί
1204 1974 1559 2043 Τερϐήσιδες,
1594 1975 1690 2026 καὶ
1717 1973 1934 2041 ὑπῆγαν
1964 1974 2041 2035 εἰς
2068 1974 2165 2041 τὴν
2198 1973 2361 2039 ἁγίαν
2406 1972 2629 2039 Σοφίαν,
2686 1970 2750 2021 νὰ
2797 1965 3194 2019 σαλαόατίσουν
3250 1959 3393 2013 κατὰ
3440 1959 3500 2010 τὸ

260 2051 437 2103 αὐτῶν
466 2052 606 2115 ἔθος.
644 2056 752 2109 Καὶ
780 2057 1033 2111 ἐλθόντες
1068 2063 1144 2123 είς
1181 2063 1247 2113 τὰ
1274 2061 1548 2129 προαύλια
1576 2059 1670 2113 τοῦ
1695 2058 1823 2111 ναοῦ
1848 2062 2090 2129 ἥκουσαν
2110 2058 2454 2127 ψαλμῳδίαν,
2487 2058 2582 2109 καὶ
2620 2053 2760 2107 εἶδον
2810 2055 2904 2107 καὶ
2963 2054 3075 2119 φῶς
3139 2053 3279 2115 μέγα
3318 2050 3375 2100 ὲν
3420 2045 3500 2112 τῷ

262 2138 516 2207 ναῷοκαὶ
546 2142 947 2212 πλησιάσαντες
985 2146 1143 2215 εὗρον
1178 2151 1275 2209 τὰς
1308 2150 1483 2209 πύλας
1524 2148 1900 2218 ἀνεῳγμένας,
1937 2144 2031 2196 καὶ
2065 2143 2247 2209 φωνὰς
2301 2140 2652 2210 ψαλμῳδίας,
2688 2140 2747 2191 τὸ
2797 2136 3054 2201 Χριστὸς
3099 2132 3346 2218 ἀνέσζηο
3389 2130 3501 2183 καὶ

259 2226 510 2291 ἀκούσας
544 2232 854 2294 σπουδαίως
904 2235 1098 2286 εδοσαν
1129 2237 1372 2301 γνωστὸν
1426 2236 1522 2287 τοῦ
1588 2236 1843 2302 ἁφεντός.
1888 2235 2080 2295 Ὅστις
2104 2229 2268 2301 ἦλθεν
2297 2230 2655 2299 σωματικῶς,
2683 2228 2777 2281 καὶ
2804 2228 3057 2286 ἄκουσεν,
3115 2223 3211 2274 καὶ
3247 2217 3386 2273 εἶδεν
3443 2219 3500 2269 ὲν

263 2315 589 2386 ὀφθαλμοῖς,
659 2320 926 2384 κελεύσας
972 2324 1060 2375 ἵνα
1086 2324 1321 2376 ἀναδοῦν
1360 2326 1441 2385 είς
1471 2326 1540 2376 τὰ
1582 2324 1951 2393 ἀνηκούμενα.
1996 2322 2081 2373 Ni
2136 2320 2481 2372 σκοπεύσουν
2525 2318 2735 2387 μήποτέ
2790 2318 2937 2369 ἐστιν
2978 2313 3037 2377 ἐξ
3085 2308 3417 2380 ἀνθρώπων,
3465 2306 3498 2376 ἢ

260 2404 488 2458 τοιαῦτα
509 2407 724 2476 ὲνέργα.
753 2410 863 2461 Καὶ
889 2411 1052 2472 εὐθὺς
1075 2402 1349 2476 ἐξέλοιπεν
1382 2413 1566 2465 καὶτὸ
1598 2412 1716 2479 φῶς
1770 2411 1921 2478 καὶὴ
1963 2407 2275 2477 ψαλμῳδία.
2330 2408 2436 2457 Καὶ
2478 2405 2641 2457 πάλιν
2688 2403 2970 2473 ὥρμησεν,
3036 2401 3120 2451 ἵνα
3175 2398 3317 2467 κὸψῃ
3375 2394 3501 2455 τοὺς

262 2490 631 2560 Χριστιανούς
656 2511 669 2525 ·
710 2497 760 2546 εί
796 2498 871 2565 μὴ
909 2499 1068 2550 πάλιν
1094 2501 1120 2550 6
1151 2500 1310 2560 αὐτὸς
1343 2500 1694 2569 Πυριπασιᾶς
1727 2498 2006 2565 ἀπέκοψεν
2040 2495 2206 2549 αὑτοῦ
2234 2494 2332 2564 τὴν
2366 2495 2568 2563 ὁρμήν.

334 2580 427 2641 El;
454 2581 520 2634 τὰ
557 2585 733 2653 ,αφκβ’
767 2564 975 2654 Ἰουλίῳ
1001 2589 1213 2656 ἐπῆρεν
1246 2590 1272 2640 6
1301 2564 1540 2650 Σπανίας
1573 2586 1684 2658 (89)
1723 2587 1819 2657 τὴν
1846 2564 2116 2638 Γένουδαν
2148 2584 2255 2634 ἀπὸ
2281 2582 2537 2645 σπαθίου,
2566 2582 2660 2633 καὶ
2690 2579 2884 2650 ἔκοψεν
2925 2580 2981 2631 ἐν
3013 2577 3148 2645 αὐτῇ
3210 2572 3386 2642 ψυχὰς
3421 2564 3506 2622 λε’

261 2667 534 2735 χιλιάδας.

338 2757 432 2816 Ei;
489 2758 555 2808 τὰ
600 2755 764 2823 αφκγ¹
799 2756 1080 2822 ἀπεστάλη
1118 2760 1145 2810 6
1180 2759 1435 2827 Αἰχμέιτη
1469 2760 1729 2822 Μπασιᾶς
1761 2760 1865 2812 ὑπὸ
1903 2761 1995 2814 τοῦ
2044 2757 2288 2829 Ἀμηροῦ
2324 2757 2615 2812 σουλτάνου
2670 2756 3019 2826 Σουλαιμάνη
3068 2753 3149 2815 είς
3198 2751 3257 2803 τὸ
3294 2750 3502 2816 Κάερος

261 2842 351 2896 [va
379 2844 535 2914 ὁρίζῃ
571 2845 719 2897 αὑτό.
754 2845 943 2908 Ὅστις
972 2846 1059 2898 διὰ
1088 2846 1283 2913 φθόνον
1325 2847 1456 2899 διότι
1512 2848 1700 2916 ἠγάπα
1746 2850 1773 2900 ὁ
1804 2849 1989 2916 ὸηθεὶς
2020 2849 2268 2917 Ἀμηρῑις
2324 2848 2411 2899 τόν
2452 2846 2913 2917 ΠραιρΜπάσιαν,
2961 2840 3381 2899 άνυποστάσετι,
3410 2835 3505 2888 καὶ

260 2955 332 3007 Δ.
364 2952 434 3007 Μ.
512 2954 577 3007 Α.
602 2952 666 3007 C.

262 3040 406 3095 7950
522 3041 659 3095 1522
738 3055 795 3095 re
852 3051 1032 3105 erant,
1062 3042 1247 3109 dictis,
1280 3044 1531 3097 sultanus
1560 3042 1899 3099 Suleimanes
1932 3046 2045 3100 hare
2074 3046 2119 3099 ei
2159 3046 2331 3102 dixit:
2368 3064 2386 3098 ι
2423 3046 2476 3101 Si
2511 3046 2798 3116 imperium
2838 3045 3065 3114 adeptus
3092 3041 3264 3103 fuero,
3294 3050 3504 3091 merce-

424 3144 427 3147 '
732 3130 878 3193 dem,
916 3140 1178 3197 quantam
1213 3132 1752 3195 voluais,solvam,i
1789 3137 1892 3188 scri
1938 3141 2101 3202 toque
2132 3135 2199 3187 de
2230 3136 2332 3204 ipsi
2359 3135 2663 3204 prastanda
2690 3134 2941 3188 mercede
2972 3131 3138 3185 cavit.
3166 3128 3366 3182 Fasces
3397 3126 3501 3176 ita-

726 3232 833 3285 que
864 3217 1078 3283 imperii
1116 3218 1417 3271 secundum
1449 3217 1660 3273 Hebraei
1694 3222 2013 3277 vaticinium
2046 3226 2310 3293 suscepit,
2346 3226 2488 3294 quod
2524 3240 2753 3278 numero
2782 3224 3087 3276 litterarum
3128 3220 3284 3280 inito,
3313 3230 3498 3270 verum

723 3305 899 3358 fuisse
936 3307 1135 3373 patuit.
1168 3305 1470 3359 Mercedem
1499 3307 1683 3375 itaque
1710 3323 1772 3362 ex
1800 3308 2165 3365 instrumento
2205 3313 2409 3381 scripto
2444 3328 2471 3363 a
2514 3313 2761 3380 principe
2793 3311 3054 3364 Hebraeus
3090 3308 3306 3376 repetiit
3338 3323 3348 3357 ε
3380 3316 3501 3356 eam

732 3394 963 3461 accepit,
1000 3394 1294 3461 multisque
1325 3395 1622 3450 honoribus
1652 3395 1877 3452 allectus
1903 3407 2005 3454 est.
2040 3399 2403 3469 Interrogavit
2434 3414 2598 3468 porro
2641 3402 2892 3455 sultanus
2934 3399 3243 3457 llehraenm,
3280 3393 3502 3461 quinam

729 3496 918 3545 casus,
958 3481 1089 3534 dum
1126 3482 1242 3550 ipse
1275 3492 1548 3552 regnaret,
1583 3484 1750 3537 futuri
1780 3494 1955 3539 erant.
1994 3485 2129 3540 'l‘um
2166 3487 2427 3541 Hebraeus
2458 3497 2552 3540 aut
2593 3490 2777 3540 animo
2809 3486 2950 3539 malo
2989 3483 3330 3559 pulsus,vel,
3357 3479 3503 3549 quod

727 3568 932 3634 verius,
973 3576 1090 3623 arte
1119 3584 1217 3623 sua
1249 3570 1571 3624 divinatrice
1603 3572 1829 3626 edoctus
1849 3574 2164 3643 despondit,
2214 3573 2585 3641 Christianos,
2627 3574 2869 3645 quandiu
2908 3576 2960 3627 in
3016 3574 3150 3627 urbe
3186 3572 3413 3627 fuerint,
3442 3568 3499 3620 in

624 3666 627 3667 ⁷
718 3672 787 3714 eo
819 3658 1165 3713 laboraturos
1198 3669 1255 3712 ut
1286 3658 1608 3714 seditionem
1642 3660 1901 3727 excitent,
1939 3661 2437 3732 imperatoremque
2468 3666 2813 3716 constituant
2848 3660 3171 3731 quemlibet,
3198 3672 3308 3726 quo
3363 3656 3503 3709 dure

723 3743 988 3798 adversus
1021 3743 1317 3811 potentiam
1352 3754 1497 3798 tuam
1521 3744 1787 3799 rebellent
1814 3762 1828 3798 :
1862 3731 2153 3815 propterea
2189 3731 2360 3813 tales,
2389 3765 2422 3803 ο
2449 3751 2683 3812 sultane,
2720 3749 3029 3803 rescindere
3061 3756 3113 3800 et
3146 3745 3379 3798 avellere
3407 3747 3505 3796 de-

727 3832 845 3897 bes,
880 3832 1203 3901 priusquam
1230 3832 1283 3885 in
1318 3833 1420 3885 hoc
1445 3831 1624 3886 scelus
1653 3845 2030 3902 prornmpant.
2071 3836 2189 3906 Ipse
2219 3853 2351 3908 ergo
2384 3853 2508 3892 cum
2542 3838 2656 3892 suis
2691 3835 3118 3906 protosymbulis
3162 3848 3257 3886 seu
3308 3830 3505 3885 veziris

728 3921 797 3975 de
826 3919 1157 3974 Christianis
1181 3920 1476 3987 perdendis
1514 3921 1803 3975 deliberat.
1841 3920 1995 3976 Unus
2036 3924 2298 3991 ipsorum,
2334 3925 2459 3994 Pyri
2494 3924 2659 3977 Bassa
2692 3933 2939 3986 vocatus,
2973 3937 2999 3974 a
3055 3929 3165 3974 tam
3221 3919 3408 3987 iniquo
3440 3931 3505 3970 ac

729 4006 942 4061 nefario
982 4006 1188 4075 impetu
1219 4016 1273 4060 et
1300 4008 1580 4076 proposito
1608 4010 1857 4074 retraxit,
1885 4024 2119 4078 eumque
2154 4012 2234 4064 sic
2265 4011 2459 4065 allatus
2484 4019 2596 4065 est;
2631 4029 2650 4062 ι
2685 4009 2749 4063 Mi
2781 4011 3020 4072 sultane,
3055 4016 3165 4061 tam
3202 4021 3411 4075 magnae
3442 4020 3531 4059 act

727 4095 909 4148 ardua:
938 4108 1027 4147 res
1058 4093 1277 4147 nonnisi
1302 4108 1330 4145 a
1370 4093 1478 4147 Deo
1506 4096 1688 4161 perfici
1724 4105 1973 4164 possunt.
2006 4097 2061 4149 Si
2096 4112 2331 4166 namque
2359 4099 2448 4150 isti
2478 4113 2505 4150 a
2532 4097 2641 4151 Deo
2671 4106 2821 4157 sunt,
2856 4111 2965 4149 non
3002 4109 3292 4164 possumus
3318 4094 3508 4145 adver-

723 4182 857 4245 sari,
883 4182 1015 4249 quin
1047 4188 1101 4234 et
1138 4180 1399 4235 adversus
1431 4181 1598 4234 Deum
1628 4197 1869 4250 pugnare
1899 4185 2393 4253 deprehendamur.
2435 4185 2588 4249 Quod
2616 4186 2659 4239 si
2686 4186 2753 4238 ab
2783 4184 3098 4238 hominibus
3142 4181 3364 4244 fuerint,
3388 4180 3508 4233 sine

722 4285 822 4324 nos
855 4283 1044 4324 servos
1082 4278 1204 4322 tuos
1232 4268 1526 4323 vindictam
1564 4270 1631 4324 de
1668 4271 1735 4324 iis
1768 4287 2007 4327 sumere.
2044 4291 2063 4323 ι

797 4359 911 4412 Hoc
938 4357 1127 4410 eodem
1166 4370 1309 4409 anno
1349 4359 1457 4409 tale
1510 4358 1721 4425 signum
1756 4359 2223 4429 Constantinopoli
2256 4376 2451 4431 magna
2491 4359 2780 4414 Paschalis
2814 4358 3101 4411 Dominica
3153 4354 3296 4409 Dens
3318 4364 3506 4409 osten-

726 4446 823 4499 dit.
857 4445 990 4498 Cum
1029 4443 1259 4498 Dervisii
1296 4446 1471 4498 media
1504 4456 1685 4511 nocte,
1718 4456 1776 4499 ut
1812 4448 1946 4516 ipsis
1972 4464 2088 4502 mos
2120 4461 2205 4502 est
2238 4488 2257 4511 ,
2285 4452 2677 4510 surrexissent,
2714 4459 2765 4501 et
2798 4446 2863 4499 ad
2894 4448 2950 4499 S.
2989 4443 3206 4513 Sophia:
3239 4444 3503 4510 templum

728 4537 1024 4598 venissent,
1050 4534 1201 4602 juxta
1229 4533 1364 4586 ritus
1404 4548 1534 4588 suos
1561 4536 1709 4603 orgia
1736 4537 2097 4601 celebraturi;
2132 4537 2459 4591 vestibulum
2504 4536 2736 4604 ingressi
2790 4533 3152 4604 psalmodiam
3188 4519 3504 4587 audiet’unt.

729 4626 1025 4692 lumenque
1068 4638 1323 4692 magnum
1380 4624 1432 4676 in
1469 4626 1672 4691 templo
1708 4626 1963 4678 viderunt
2000 4643 2011 4678 :
2047 4627 2267 4695 propius
2302 4626 2499 4679 deinde
2533 4624 2855 4678 accedentes
2890 4632 3135 4688 patentes
3168 4627 3352 4688 portas
3376 4632 3510 4671 con-

729 4727 981 4781 6pexere,
1008 4712 1405 4777 antlieruntqne
1431 4726 1590 4764 voces
1629 4714 1943 4766 canentium
1981 4716 2263 4783 hymnum,
2323 4714 2569 4767 Christus
2600 4714 2906 4766 resurrexit.
2942 4712 3096 4777 Quod
3131 4709 3197 4763 ad
3227 4709 3502 4763 sultanum

732 4808 991 4853 accurate.
1024 4800 1352 4859 retulerunt,
1409 4800 1635 4867 ipseque
1683 4802 1939 4862 accessit,
1973 4804 2174 4854 audivit
2206 4812 2254 4855 et
2287 4803 2423 4855 vidit
2459 4802 2631 4856 oculis
2681 4801 2819 4859 suis,
2851 4800 3125 4868 jussitque
3176 4808 3231 4850 ut
3261 4797 3508 4850 attende-

735 4895 852 4938 rent
878 4885 943 4937 ad
979 4893 1301 4939 resonantes
1332 4887 1467 4939 istos
1496 4897 1690 4939 cantus
1718 4927 1730 4949 ,
1758 4888 2282 4955 perpenderentque,
2327 4903 2452 4939 num
2487 4890 2555 4939 ab
2587 4890 2824 4939 humana
2859 4901 2989 4939 voce
3032 4886 3349 4939 ederentur.
3385 4885 3507 4936 Sta-

734 4974 828 5024 tim
864 4973 1026 5026 simul
1058 4988 1179 5026 eum
1206 4974 1504 5040 psalmodia
1534 4976 1714 5027 lumen
1748 4974 1967 5029 defecit.
1996 4974 2309 5045 lterumque
2370 4977 2621 5029 sultanus
2650 4976 2716 5029 de
2755 4974 3078 5029 Christianis
3115 4972 3509 5027 intertieiendis

733 5061 1111 5113 Vehementius
1139 5062 1269 5126 agit,
1306 5077 1331 5113 a
1356 5078 1465 5130 quo
1495 5062 1728 5115 violento
1760 5063 1988 5117 consilio
2023 5063 2141 5133 Pye'i
2167 5063 2330 5118 Bassa
2364 5080 2486 5117 eunt
2523 5064 2769 5115 retraxit.

794 5151 977 5206 Mense
1022 5151 1165 5205 Julio
1198 5151 1442 5206 Genuam
1481 5155 1527 5204 vi
1563 5155 1852 5221 occupat-it
1894 5152 2168 5221 Hispania:
2198 5167 2312 5213 rex,
2356 5152 2745 5219 hominumque
2797 5149 3021 5219 triginta
3056 5149 3295 5216 quinque
3343 5147 3510 5200 millia

731 5242 911 5295 occisa
934 5250 1081 5293 sunt.

790 5329 1047 5379 Alunetes
1073 5325 1236 5381 Bassa
1262 5326 1483 5379 Cairum
1518 5327 1572 5379 in
1621 5325 1881 5395 Egypto,
1915 5335 1972 5379 nt
2007 5326 2348 5393 provinciam
2389 5333 2623 5393 regeret,
2655 5341 2682 5376 a
2714 5327 2933 5377 sultano
2967 5324 3279 5376 Sull-imane
3309 5322 3512 5374 missus

732 5423 836 5468 est.
868 5414 1083 5467 Invidiae
1111 5429 1237 5467 vero
1270 5415 1507 5467 stimulis
1540 5416 1589 5466 in
1616 5416 1985 5467 Abrahamum
2019 5414 2239 5467 Bassam
2278 5415 2537 5481 percitus,
2558 5411 2698 5480 quod
2726 5412 2867 5479 apud
2901 5413 3178 5464 sultanum
3205 5409 3376 5476 gratia
3400 5425 3509 5477 pra:

734 5503 944 5556 caeteris
977 5505 1204 5566 valeret,
1227 5517 1254 5554 a
1291 5503 1835 5566 Suleimanedeﬁt-it,
1873 5514 1925 5557 et
1964 5512 2149 5555 contra
2183 5516 2306 5554 eum
2338 5501 2567 5555 rebellat
2602 5516 2615 5551 :
2648 5513 2971 5566 onlnesque,
3001 5499 3093 5567 qui
3133 5499 3183 5551 in
3212 5498 3313 5550 tide
3335 5505 3386 5549 et
3417 5497 3511 5547 ob-

733 5592 923 5659 sequio
951 5605 1074 5657 erga
1118 5592 1369 5643 Ameram
1409 5590 1726 5656 praedictum
1764 5602 1907 5644 stare
1939 5594 2249 5656 voluerunt,
2284 5590 2351 5644 de
2384 5590 2562 5644 medio
2592 5590 2753 5644 tollit.
2792 5589 3165 5645 Provinciales
3193 5588 3509 5641 Aclunetcm

1486 5716 1762 5776 Ismaelis
1797 5714 2077 5775 Bullialdi
2123 5724 2306 5776 nota).

318 5841 469 5913 (89)
536 5842 576 5891 0
618 5838 899 5903 Σπανίιις.
972 5836 1115 5892 lluce
1143 5838 1409 5908 Prospero
1461 5839 1723 5894 Columna
1760 5846 1916 5906 capta
1950 5845 1954 5890 1

972 5836 1115 5892 lluce
1143 5838 1409 5908 Prospero
1461 5839 1723 5894 Columna
1760 5846 1916 5906 capta
1950 5837 2045 5890 fuit
2080 5839 2263 5892 Cuuuu
2293 5853 2352 5890 ac
2390 5837 2598 5905 diri-pta
